3020 4922
577 379 792 441 ..15-

145 571 215 630 boni
229 573 366 646 malique;
386 573 430 632 Iu.
449 571 500 641 85,
517 571 557 628 47
572 591 617 630 me
632 581 740 645 vosque
755 575 834 628 iuxta
849 589 955 644 geram.
972 604 1013 614 -
1029 567 1069 634 lu.
1085 566 1132 645 73,
1148 567 1166 634 3
1181 567 1233 624 aed

141 674 228 746 poulo
244 675 412 731 decreverat
426 693 460 732 eo
475 667 544 760 νει]
565 679 612 734 Ita
633 679 737 750 legitur
759 679 789 732 in
810 677 930 732 maxima
949 681 1031 747 parte
1052 676 1230 747 antiquorum

143 782 220 849 libr,
236 783 266 837 in
285 782 426 838 nonnullis
449 784 509 851 ,sed
532 787 648 838 senatus
669 783 756 854 paulo
779 783 859 837 decio
874 782 1061 845 decreverat‘,
1076 782 1106 835 in
1121 779 1144 832 B
1160 786 1189 835 et
1204 779 1231 834 G

144 891 261 940 reactus
280 887 501 958 superscriptum
523 892 575 943 est.
601 882 695 963 (Quod
708 904 776 943 vero
792 887 827 942 de
841 885 945 947 Nazar.
961 890 991 941 et
1004 885 1136 941 Commel.
1153 884 1231 939 Diet

143 991 240 1048 sobius
255 992 436 1047 adnotaverit
450 992 518 1064 quin
529 1009 627 1048 verum
643 992 689 1058 sit,
702 991 882 1047 vehementer
896 991 1065 1048 dubitemus.
1078 1006 1141 1044 cum
1153 989 1232 1044 Frot·

145 1095 236 1152 acher.
252 1096 270 1154 l.
287 1096 306 1151 l.
318 1100 449 1166 testetur,
466 1097 496 1151 in
510 1096 616 1156 Nazar.
633 1100 729 1152 extare
751 1100 866 1149 seratas
881 1092 959 1148 decio
972 1109 1038 1164 pro,
1053 1095 1083 1149 in
1097 1093 1230 1152 Commel.

146 1198 198 1254 aed
212 1205 326 1254 renatas
338 1197 426 1270 poulo
438 1206 504 1270 post
518 1199 700 1274 decreverat)
714 1201 820 1257 Postea
834 1217 902 1256 vero
925 1217 981 1271 quo
1003 1199 1121 1272 quisque
1136 1214 1232 1253 recen·

144 1306 247 1360 tiorum
272 1304 449 1361 librariorum
476 1307 512 1360 ad
538 1307 754 1378 intellegendam
779 1305 925 1375 scriptoris
951 1304 1118 1359 sententiam
1140 1304 1235 1373 aptior

144 1415 222 1465 esset
237 1415 266 1465 et
280 1411 454 1478 instructior,
474 1427 508 1466 eo
527 1411 618 1482 magis
632 1411 813 1466 restituendis
828 1409 923 1464 verbis
939 1426 1053 1479 operam
1068 1407 1160 1479 dedit;
1181 1408 1232 1461 ita·

145 1532 201 1586 que
223 1515 336 1585 plurimi
355 1515 468 1586 quidem
491 1513 542 1568 red
560 1512 646 1585 paulo
665 1520 729 1568 rote
752 1519 866 1569 senatus
882 1511 1039 1566 Numidiam
1055 1509 1162 1566 Metello
1182 1509 1232 1565 de-

64 1596 66 1598 ·
146 1624 280 1673 creverat
294 1620 483 1690 scripserunt,
498 1620 649 1698 itatamen
663 1625 696 1675 ut
718 1633 908 1692 quaecunque
925 1615 985 1673 iere
1006 1617 1164 1689 excogitari
1184 1634 1231 1687 po·

144 1723 201 1778 tuit
225 1725 374 1780 verborum
401 1725 576 1792 conlocatio,
602 1742 637 1781 ea
661 1723 716 1780 hoc
741 1725 807 1779 loco
831 1723 935 1796 singuli
959 1723 1077 1794 singulis
1103 1722 1231 1777 inlibris

107 1869 112 1878 ,
145 1830 190 1884 usi
208 1829 265 1884 sint
282 1830 320 1889 cf.
340 1817 470 1887 Dietsch.
491 1847 591 1888 comm.
608 1848 638 1900 p.
658 1827 696 1884 13
717 1827 782 1884 adn.
807 1828 835 1887 1.
853 1858 893 1869 —
909 1824 949 1889 lu.
965 1822 1049 1902 78st
1075 1824 1134 1880 altu
1160 1823 1230 1894 olio,

145 1930 206 1986 alia
225 1933 255 1986 io
278 1938 436 2003 tempestate
459 1923 586 2015 nodosu]
606 1933 741 1999 Qnasmvis
763 1933 881 1989 alterum
897 1929 957 1986 olio
971 1933 1000 1987 in
1020 1932 1149 1988 omnibus
1171 1931 1231 1988 fere

145 2038 225 2094 libris
248 2039 338 2106 desit,
360 2044 470 2093 tantum
491 2039 521 2093 in
543 2033 580 2112 εἳ
605 2045 634 2094 et
658 2039 864 2106 linveniatur,
889 2041 984 2093 tamen
1005 2038 1028 2092 si
1049 2036 1230 2109 cogitaveris,

145 2160 203 2197 non
228 2143 317 2198 solum
339 2143 475 2198 eiusmodi
496 2145 642 2212 mendum,
670 2161 734 2198 cum
755 2144 844 2200 verba
865 2148 1045 2214 repetantur,
1069 2142 1231 2212 saepissime

144 2248 340 2319 investigatori
365 2248 499 2330 librorum
525 2265 673 2304 occurrere
700 2243 751 2324 (ci.
774 2264 860 2318 supra
887 2250 923 2303 sd
948 2249 992 2304 Iu.
1020 2245 1080 2317 38,
1106 2242 1155 2322 5),
1181 2246 1232 2302 sed

145 2353 231 2407 etiam
256 2354 282 2408 ei
308 2354 357 2426 qui
380 2355 465 2424 paulo
492 2355 654 2409 accuratius
680 2353 845 2423 scriptorem
870 2354 1016 2425 perlegat,
1043 2353 1140 2408 statim
1165 2370 1232 2426 quo·

144 2459 227 2513 modo
242 2458 323 2513 locus
338 2458 479 2514 sanandus
495 2459 531 2513 sit
546 2459 719 2528 suppeditari
734 2463 880 2529 oportere,
900 2476 958 2513 non
978 2457 1139 2523 dubitabis,
1163 2457 1231 2528 quin

144 2562 213 2618 nihil
236 2579 270 2618 cx
290 2579 325 2618 ea
346 2567 515 2619 correctura
536 2563 728 2633 praestantiae
751 2563 792 2617 illi
806 2562 871 2617 libri
886 2563 940 2619 sibi
955 2562 1093 2619 vindicari
1112 2562 1231 2633 possint.

143 2695 188 2708 --
209 2659 251 2730 lu.
274 2665 327 2744 79,
350 2666 369 2730 8
395 2666 498 2723 Graeci
524 2666 660 2737 optionem
686 2663 958 2737 Cartlcpiriensium
983 2665 1107 2737 suctum,
1133 2671 1165 2720 ot
1189 2662 1234 2720 oel

144 2767 188 2825 illi
201 2788 271 2843 quor
286 2772 357 2842 fiaes
370 2771 473 2844 populo
489 2787 540 2826 sco
553 2777 697 2842 peterent,
713 2765 753 2824 iti
768 2762 841 2854 ete]
857 2772 939 2838 Quod
953 2771 1139 2828 exbibuerunt
1152 2772 1233 2827 multi

143 2877 163 2933 l.
180 2878 209 2933 Π
224 2895 288 2950 gen.
305 2893 359 2948 quo
374 2877 455 2948 fines,
472 2883 549 2935 certe
565 2877 769 2949 repudiandum
784 2882 846 2947 est,
863 2878 978 2949 cognita
1000 2876 1232 2948 interpretatione

144 3000 202 3054 qua
230 2982 357 3038 Kritzius
389 2982 463 3038 banc
490 2983 671 3054 ,singrdarem
697 2982 906 3037 attractionem‘
933 2983 1055 3038 librariis
1082 2982 1232 3038 obscuram

143 3087 313 3143 inlustravit.
333 3119 371 3130 -
387 3085 428 3149 lu.
445 3083 494 3162 89,
509 3083 530 3150 7
544 3101 616 3157 quoe
627 3082 732 3156 procul
752 3101 772 3139 o
792 3085 867 3140 mari
890 3077 1010 3168 opstat]
1026 3087 1097 3142 Eam
1116 3087 1233 3158 optimo·

142 3209 205 3246 rum
220 3197 249 3248 et
263 3193 445 3263 plurimorum
459 3193 480 3250 1.
496 3193 664 3262 scripturam
685 3196 800 3262 praeter
815 3192 885 3246 alios
901 3192 1000 3246 doctos
1014 3191 1091 3248 viros
1105 3191 1232 3247 Kritzius

144 3315 256 3369 quoque
271 3297 392 3354 retinere
407 3297 498 3353 voluit
513 3297 562 3369 qui
583 3302 687 3363 ,terrae
709 3301 822 3352 nomen‘
842 3297 933 3368 inquit
955 3291 1067 3366 ,apebat
1088 3295 1233 3367 praedica·
1272 3310 1277 3321 ·

143 3409 204 3456 tum
218 3401 334 3470 babere,
351 3403 426 3473 quod
440 3403 540 3457 incolis
554 3401 637 3457 modo
654 3402 802 3467 convenit,
823 3401 909 3471 paulo
925 3402 1022 3456 durius
1045 3401 1157 3472 quidem
1179 3405 1231 3468 est,

143 3507 194 3562 sed
209 3514 302 3562 temen
317 3507 347 3560 in
365 3507 491 3579 generali
510 3507 650 3561 sententia
671 3505 739 3561 ferri
755 3511 866 3577 potest;
890 3506 1017 3560 similiter
1040 3505 1099 3564 Cic.
1114 3506 1200 3564 Tusc.
1216 3505 1231 3560 1

146 3611 174 3666 1.
192 3611 238 3682 2⁶3
255 3613 304 3667 sed
319 3629 448 3667 veremur
469 3617 502 3667 ut
523 3611 595 3666 haec
614 3614 672 3665 tam
692 3611 806 3681 spinosa
828 3615 858 3666 et
880 3611 1017 3666 arcessita
1035 3610 1230 3680 interpretatio

142 3717 237 3770 multis
262 3716 376 3787 probari
399 3717 497 3786 possit.
538 3717 576 3770 Et
595 3713 758 3770 Dietschius
783 3715 895 3787 quidem
920 3716 949 3769 in
974 3714 1029 3769 hac
1055 3713 1230 3786 difficultate,

141 3820 302 3876 intermissa
318 3838 353 3876 ea
369 3838 454 3892 quam
469 3820 523 3876 sibi
537 3823 726 3891 proposuerat
746 3819 797 3878 alt.
810 3837 875 3892 gen.
892 3819 1079 3890 despicientia
1094 3825 1124 3874 et
1137 3819 1231 3890 neglc-

143 3926 258 3997 gentia,
274 3927 349 3996 quod
364 3925 394 3980 in
409 3923 427 3981 9
443 3925 502 3982 bui.
518 3942 583 3996 gen.
599 3925 619 3981 1.
635 3924 758 3996 legitur:
778 3919 917 3995 epotator
932 3925 1041 3995 recepit
1062 3919 1112 4000 (ci.
1130 3940 1228 3984 comm.

113 4073 114 4076 η
142 4049 170 4102 p.
190 4027 264 4106 129)
285 4031 334 4085 sed
354 4031 489 4085 immerito
511 4035 544 4084 ut
564 4029 686 4110 videtur,
711 4045 776 4084 cum
798 4029 939 4100 scripture
959 4029 1025 4084 libri
1038 4029 1079 4083 T:
1102 4023 1230 4098 opedam,

142 4136 189 4190 cui
205 4135 317 4191 accedit
330 4135 446 4190 Linkeri
470 4136 704 4204 coniecturaque
716 4130 829 4203 procul,
852 4140 882 4189 et
895 4151 1007 4189 sensum
1023 4139 1052 4189 et
1064 4133 1230 4204 interpreta-
