3020 4922
747 359 942 422 ..2-

306 551 393 608 Rothi
408 556 522 608 secutus
538 551 584 620 sit,
599 552 641 607 ita
655 551 685 607 in
699 555 848 608 comment.
864 569 894 622 p.
909 549 948 608 15
964 552 1001 607 de
1017 568 1051 608 ea
1065 569 1097 608 re
1112 551 1283 623 disputavit:
1299 552 1391 624 ,Haec

306 657 393 729 igitur
413 673 476 712 mea
495 657 638 713 sententia
658 660 722 724 est,
746 674 780 712 ex
802 656 958 729 archetypo
981 673 1045 712 cum
1065 655 1235 713 excidissent
1256 657 1392 713 nonnulla

307 760 386 828 folia,
397 761 480 831 primi
495 761 607 833 generis
619 761 706 816 libros
719 762 893 832 conscriptos
906 779 977 829 esse,
990 767 1049 818 tunr
1060 779 1124 817 cum
1135 760 1204 817 folia
1214 762 1264 817 illa
1275 767 1393 833 reperta
1494 825 1495 839 χ

307 869 412 932 essent,
429 865 549 921 alterum
564 883 654 937 genus
668 871 765 922 natum
782 883 860 934 esse,
881 871 1024 936 postremo
1040 885 1074 924 ex
1089 867 1216 939 margine
1230 865 1321 923 verba
1341 867 1393 922 illa
1494 877 1495 890 ³

307 969 363 1041 tria
378 970 420 1024 Iu.
434 968 486 1041 44,
498 968 517 1026 5
530 970 558 1024 in
574 977 679 1026 textum
696 971 840 1042 scriptoris
855 977 973 1042 recepta
988 976 1071 1027 esse‘
1100 971 1141 1026 At
1155 989 1315 1045 quanquam
1329 971 1393 1042 ipse

306 1073 335 1130 iu
356 1073 455 1144 paucis
477 1073 534 1130 illis
557 1091 630 1146 quae
655 1076 691 1130 ad
714 1075 934 1131 confirmandam
959 1075 1033 1132 hau'c
1055 1078 1224 1132 sententiam
1248 1078 1395 1132 adiecerat

308 1179 447 1252 singulari
469 1179 597 1234 codicum
612 1180 715 1236 notitia
728 1198 797 1236 usus
814 1186 857 1236 est
872 1186 958 1253 atque
972 1180 1039 1236 huic
1054 1198 1178 1238 summae
1192 1181 1395 1252 disputationis

307 1300 391 1340 suae:
415 1283 496 1350 ,illud
511 1285 720 1341 concedendum
736 1285 801 1351 erit,
817 1287 1007 1341 recentiorum
1023 1286 1153 1342 codicum
1168 1287 1329 1342 testimonia
1344 1287 1394 1341 ad-

306 1406 405 1445 versus
428 1390 599 1445 vetustiores
620 1389 690 1444 nihil
712 1390 819 1446 valere‘
843 1390 1003 1462 quicunque
1021 1392 1136 1462 penitus
1158 1390 1394 1447 Sallustianorum

306 1493 440 1552 librorum
456 1493 555 1549 silvam
571 1495 739 1561 intraverit,
763 1494 885 1550 libenter
900 1496 1057 1564 adsentiet,
1079 1501 1175 1551 tamen
1196 1494 1250 1552 hoc
1269 1495 1393 1552 fortasse

306 1599 521 1654 desiderandum
537 1603 617 1665 erat,
639 1606 672 1654 nt
694 1616 758 1655 cum
778 1599 840 1670 ipse
855 1600 987 1656 confecto
1001 1601 1050 1656 illo
1066 1606 1206 1672 apparatu
1221 1601 1320 1656 critico
1343 1601 1393 1672 qui

306 1709 431 1770 vocatur,
447 1704 619 1760 admirabilis
635 1704 799 1776 diligentiae
816 1709 845 1760 et
859 1705 1131 1775 sedulitatisopere,
1148 1711 1236 1762 totam
1249 1705 1325 1760 hanc
1340 1705 1393 1760 dii-

305 1807 407 1866 ficilem
429 1809 604 1878 provinciam
626 1808 710 1879 plane
734 1810 778 1864 sui
800 1810 867 1865 iuris
889 1809 1023 1878 lecisset,
1047 1815 1126 1866 certa
1148 1811 1287 1883 quaedam
1310 1828 1393 1883 argu·

306 1919 401 1968 menta
417 1919 446 1968 et
460 1913 569 1969 ratione
592 1914 722 1971 conlecta
737 1913 834 1969 statim
854 1916 1014 1972 sententiae
1036 1933 1104 1972 snae
1128 1916 1269 1984 adiceret,
1289 1916 1391 1988 qulbus

306 2019 368 2074 aliis
383 2018 475 2076 doctis
490 2019 559 2074 viris
581 2018 694 2074 facilius
716 2018 955 2089 comprobaretur.
985 2019 1078 2076 Aliter
1093 2021 1167 2077 enim
1189 2019 1251 2076 fieri
1272 2039 1327 2077 non
1342 2038 1392 2091 po·

306 2125 378 2191 tuit,
401 2130 433 2178 nt
454 2124 625 2194 paulopost
646 2141 674 2180 v.
696 2125 722 2186 d.
744 2125 1000 2182 Woelfflinus
1023 2121 1064 2203 (in
1078 2125 1220 2198 Philologi
1234 2126 1291 2182 vol.
1306 2126 1392 2181 XVII

305 2247 333 2299 p.
349 2223 425 2306 533)
440 2245 542 2286 novam
558 2229 594 2284 de
606 2228 714 2300 origiue
730 2244 865 2301 generum
879 2229 1014 2286 librorum
1025 2231 1194 2286 sententiam
1210 2248 1284 2303 quae
1299 2230 1392 2286 media

307 2338 383 2390 essct
393 2333 650 2390 interDietschium
663 2338 692 2388 et
701 2334 835 2390 Rothium
846 2335 875 2389 in
886 2336 978 2401 lucem
988 2335 1127 2407 proferret
1137 2353 1267 2407 quaeque
1278 2335 1321 2391 his
1332 2334 1392 2391 fere
1494 2391 1495 2418 ζ

306 2437 401 2495 verbis
424 2439 600 2494 continetur:
626 2455 700 2494 saec.
724 2439 753 2492 X
767 2439 814 2494 vel
829 2441 872 2494 XI
891 2459 948 2496 uon
971 2441 1061 2496 solum
1080 2441 1151 2497 folia
1172 2441 1221 2495 illa
1245 2440 1393 2512 archetypi

307 2561 380 2616 quae
397 2549 482 2600 antea
498 2544 667 2600 excidissent
681 2548 795 2614 reperta
811 2563 883 2612 esse,
895 2546 946 2600 sed
961 2563 1065 2601 novum
1081 2563 1194 2618 quoque
1210 2550 1238 2600 et
1252 2545 1393 2618 integrum

307 2649 447 2716 codicem,
471 2649 611 2704 diversam
633 2648 747 2720 quidem
762 2647 799 2702 ab
814 2646 863 2702 illo
886 2647 977 2702 altero
993 2647 1129 2719 originem
1152 2647 1317 2714 ducentem,
1342 2647 1393 2703 sed

306 2759 400 2810 tamen
421 2772 479 2809 non
493 2755 610 2808 multum
634 2753 670 2808 ab
692 2769 725 2808 eo
751 2753 976 2822 discrepantem,
999 2769 1034 2807 ex
1056 2768 1112 2823 quo
1132 2751 1305 2806 recentiores
1327 2750 1393 2806 libri
1494 2809 1495 2830 ,

306 2858 428 2914 derivati
444 2863 548 2914 esseut.
580 2858 642 2924 Qus
657 2858 686 2913 in
700 2857 844 2913 sententia
858 2862 890 2912 ut
904 2857 960 2912 iam
975 2857 1080 2927 duplex
1094 2855 1165 2910 illud
1177 2855 1338 2925 inventum,
1361 2859 1393 2908 ut

306 2963 347 3017 ita
361 2963 469 3034 dicam,
484 2963 531 3018 vix
546 2963 613 3018 ferri
628 2980 711 3034 posse
726 2963 849 3030 videtur,
866 2979 929 3016 cum
944 2961 1032 3016 multo
1047 2961 1222 3031 probabilius
1238 2977 1273 3014 ac
1289 2960 1392 3029 simpli-

307 3068 368 3123 cius
382 3067 483 3134 fuerit,
507 3068 616 3123 omissis
631 3067 685 3122 illis
701 3067 776 3124 foliis
791 3067 846 3123 hoc
862 3071 1002 3122 statuere:
1026 3070 1234 3140 repertovnovo
1250 3069 1337 3136 atque
1352 3064 1393 3118 in·
1494 3039 1495 3108 ἕ

306 3178 387 3245 tegro
403 3172 558 3243 archetypo
574 3172 705 3243 antiquos
721 3176 750 3226 et
764 3171 908 3227 mutilatos
923 3170 1011 3226 libros
1027 3170 1180 3225 secundum
1195 3169 1273 3224 illum
1288 3186 1393 3224 novum
1494 3141 1495 3158 Χ

307 3283 453 3334 contectos
469 3294 549 3343 esse,
573 3276 614 3330 ita
636 3281 697 3332 tota
720 3276 770 3330 illa
785 3276 926 3331 sententia
942 3279 1096 3331 evanescet
1110 3274 1280 3329 lectionibus
1295 3291 1393 3330 recen·

304 3384 407 3438 tiorum
422 3382 556 3438 librorum
571 3381 693 3451 propriis
709 3381 870 3436 accuratius
886 3379 1086 3452 pervestigatis
1101 3383 1130 3434 et
1145 3379 1310 3434 inlustratis.

390 3487 425 3542 ln
440 3487 600 3542 universum
617 3493 710 3542 autem
726 3486 837 3541 codices
852 3485 968 3540 Sallusti
989 3483 1214 3540 examinantibus
1229 3483 1315 3539 facile
1330 3501 1393 3555 per-

305 3591 484 3659 suadebitur,
509 3591 539 3645 id
554 3592 630 3663 quod
645 3590 765 3646 Rothius
787 3589 893 3660 primns
916 3591 1136 3659 demonstravit,
1161 3606 1209 3644 eos
1234 3587 1321 3643 libros
1344 3589 1392 3660 qui

305 3696 357 3753 sub
382 3695 467 3752 finem
491 3696 645 3768 Iugurthae
667 3696 760 3766 ampla
786 3695 835 3750 illa
858 3695 961 3750 lacuna
987 3694 1109 3750 mutilati
1130 3687 1225 3749 essent
1247 3693 1283 3747 ad
1305 3709 1391 3747 unum

304 3802 480 3873 eundemque
508 3799 693 3872 archetypum
719 3806 869 3870 spectare3
896 3799 999 3872 quibus
1024 3799 1054 3853 in
1079 3799 1202 3870 speciem
1229 3815 1263 3852 ac
1289 3813 1390 3854 nomen

303 3907 384 3976 primi
406 3907 519 3978 generis
534 3905 658 3962 redactis
679 3923 776 3961 omues
799 3905 840 3960 illi
856 3905 1077 3960 adnumerantur
1092 3904 1184 3976 quiin
1199 3904 1243 3959 ed.
1259 3902 1388 3958 Dietsch.

304 4011 458 4084 grandibus
472 4011 576 4067 litteris
601 4011 741 4082 designati
757 4014 841 4077 sunt,
865 4009 1075 4081 antiquissimae
1097 4010 1261 4081 plerumque
1277 4008 1389 4078 aetatis,

303 4122 452 4188 praeterea
468 4115 644 4172 Nazarianus
660 4132 772 4187 quoque
795 4120 824 4170 et
839 4114 1075 4171 commelinianae
1098 4114 1213 4170 Gruter-i
1235 4119 1264 4170 et
1285 4119 1317 4168 ut
1337 4131 1388 4169 nos
