3020 4922
665 986 706 1057 ll.
752 1007 753 1012 ’

232 1285 287 1341 Sed
313 1286 342 1339 in
362 1284 541 1339 recensendis
568 1284 684 1340 alterius
710 1285 821 1356 generis
842 1284 1076 1340 Sallustianorum
1096 1284 1231 1340 librorum
1298 1323 1300 1328 -

142 1390 313 1446 lectionibus
335 1406 384 1445 eos
405 1389 482 1444 locos
503 1406 518 1442 e
539 1388 642 1459 quibus
663 1393 725 1473 tota
748 1391 941 1445 controversia
960 1394 1024 1444 orta
1043 1394 1087 1444 est
1102 1390 1230 1445 consulto
1297 1453 1300 1460 Ι

142 1494 237 1549 adhuc
251 1494 435 1566 negleximus,
450 1495 555 1565 quippe
571 1509 642 1564 quos
657 1493 711 1550 hoc
725 1494 823 1550 ultimo
839 1493 902 1549 loco
927 1494 957 1549 in
978 1511 1072 1548 unum·
1085 1494 1229 1549 conlectos

143 1589 307 1655 accuratius
320 1603 445 1654 tractare
460 1603 588 1669 praestet
627 1597 699 1654 Sunt
720 1616 789 1654 vcro
810 1599 1002 1654 additamenta
1022 1599 1072 1653 illa
1099 1599 1231 1670 graviora

142 1709 174 1760 ct
187 1703 257 1772 talia
272 1704 383 1774 quidem
405 1703 500 1774 qualia
515 1703 566 1774 qui
578 1703 700 1773 simplici
713 1708 800 1774 atquc
814 1705 925 1775 integro
939 1703 1043 1758 iudicio
1061 1703 1152 1758 utitur
1172 1702 1232 1759 Sal·

141 1810 228 1864 lustio
239 1807 403 1862 abiudicare
412 1811 545 1879 nequest,
557 1808 686 1879 quamvis
697 1808 727 1862 in
738 1808 930 1879 antiquioribu
942 1807 1034 1862 slibris
1046 1812 1082 1870 et
1094 1808 1232 1879 prioris

142 1920 175 1969 et
196 1912 352 1968 alterius
374 1914 523 1984 generis
540 1912 647 1967 nullum
663 1930 758 1968 eorum
772 1905 924 1984 vestigium
940 1917 1080 1968 servetur:
1096 1911 1148 1972 Ca.
1165 1911 1195 1979 5,
1212 1911 1230 1968 9

142 2023 226 2088 atque
248 2015 361 2087 optimo.
379 2048 416 2058 —
435 2016 485 2076 Ca.
504 2016 534 2087 e,
551 2016 569 2073 2
587 2015 631 2070 lta
651 2012 731 2070 treci
752 2013 896 2070 multitado
919 2014 1034 2071 diversa
1056 2021 1138 2086 etque
1159 2032 1232 2087 onya

147 2119 303 2176 concordia
319 2119 418 2175 ciuitas
432 2119 510 2191 [ceta
525 2127 598 2182 erat.
613 2151 651 2162 -
664 2123 708 2177 Iu.
723 2120 752 2190 1,
769 2119 787 2176 5
804 2135 840 2175 ao
851 2119 1025 2191 pernicioso.
1040 2118 1232 2188 -1u.21‚4
1279 2165 1287 2176 .

143 2225 179 2280 de
194 2224 399 2281 controuersiis
414 2225 474 2280 suis
489 2224 554 2280 iare
566 2225 661 2296 potius
675 2242 757 2297 quum
773 2221 843 2279 bello
856 2223 1024 2295 disceptare.
1039 2256 1074 2266 -
1090 2226 1133 2285 Iu.
1147 2224 1199 2294 44,
1212 2223 1231 2282 5
1295 2288 1298 2292 ,

143 2327 343 2386 muniebantur
358 2345 392 2385 ec
406 2346 504 2401 aeque.
519 2361 563 2372 —-

230 2437 310 2502 Quae
325 2437 518 2493 additamenta
539 2453 603 2492 curn
617 2435 736 2504 Rothius
751 2431 805 2493 1.'1.
822 2436 928 2507 primus
944 2435 1142 2504 observasset,
1165 2452 1233 2507 quo-

141 2542 233 2598 minus
252 2542 339 2598 libros
354 2541 384 2596 in
398 2540 501 2614 quibus
515 2542 612 2596 insunt
626 2541 655 2595 in
677 2539 791 2596 te'rtium
814 2541 955 2612 quoddam
978 2559 1067 2614 genus
1090 2540 1233 2612 redigeret

141 2652 172 2702 et
187 2647 359 2719 conligeret,
374 2647 524 2717 impeditus
547 2650 591 2701 est
612 2651 644 2701 ut
665 2646 721 2700 iam
743 2663 829 2717 supra
848 2647 969 2702 vidimus
991 2646 1183 2701 inconstantia
1204 2651 1234 2700 et

141 2752 223 2808 varie
237 2753 347 2806 illorum
367 2752 502 2807 librorum
517 2751 619 2807 indole.
649 2751 739 2807 Nobis
754 2768 821 2807 vero
835 2768 912 2807 nunc
926 2751 1153 2822 investigandum
1167 2751 1232 2819 erit,

142 2858 282 2927 quomodo
305 2857 377 2913 hacc
397 2857 589 2912 additamenta
608 2855 663 2910 illis
683 2855 762 2912 libris
783 2857 873 2912 inlata
887 2857 945 2911 sint
959 2859 1151 2927 quantumque
1167 2872 1232 2910 aue·

143 2962 279 3031 tentatis,
294 2979 359 3017 eum
373 2963 403 3017 in
416 2961 558 3017 nonnullis
579 2961 662 3016 modo
685 2961 782 3032 eisquc
802 2961 1006 3017 recentioribus
1027 2960 1107 3016 libris
1127 2965 1231 3032 extent,

142 3067 197 3122 toti
212 3067 294 3134 alteri
310 3066 408 3139 generi
422 3084 456 3122 ex
471 3066 513 3122 cis
523 3065 619 3137 parari
632 3066 732 3136 possit.

230 3169 275 3226 Ac
294 3172 383 3242 primo
406 3171 519 3242 quidem
534 3166 582 3232 Ge.
597 3166 627 3244 5,
642 3165 661 3231 9
675 3174 706 3222 ut
717 3166 854 3239 paulatim
876 3167 1019 3223 immutata
1039 3183 1077 3222 es
1096 3166 1231 3238 palator-

143 3289 226 3328 rumo
237 3280 319 3345 utque
330 3280 442 3345 optumo
449 3289 582 3345 pessuma
592 3289 632 3328 ,cc
644 3271 874 3345 flcqitiosissamo
887 3272 966 3344 scote
980 3263 1038 3355 stt]
1049 3273 1138 3330 verba
1149 3279 1231 3344 atquc

143 3385 255 3449 optumo
275 3398 333 3435 non
355 3381 444 3435 solum
465 3378 528 3435 ine
545 3381 564 3437 l.
579 3380 610 3433 II
625 3396 708 3451 gen,
729 3396 827 3435 verum
846 3379 931 3435 etiam
950 3379 1027 3449 apud
1040 3377 1231 3452 Augustinum

143 3485 178 3540 de
198 3485 252 3540 civ.
269 3485 315 3539 dei
329 3484 358 3538 11
376 3483 414 3541 18
430 3485 581 3556 leguntur,
605 3484 653 3554 qui
675 3483 801 3540 servavit
822 3488 913 3539 totum
933 3484 1045 3550 locum,
1068 3483 1230 3555 praemissis

142 3587 198 3643 his:
221 3593 263 3658 ‚ut
281 3588 405 3644 eiusdem
426 3588 555 3644 historici
577 3581 606 3666 [i.
627 3606 653 3644 e.
675 3583 801 3667 Sallusti]
822 3590 917 3645 verbis
938 3594 1023 3648 utar‘.
1054 3589 1161 3655 Quodsi
1181 3589 1232 3645 illa

143 3693 198 3749 duo
214 3694 303 3749 verba
318 3693 355 3748 ab
371 3694 500 3751 omnibus
514 3693 618 3749 nostris
632 3693 711 3749 libris
726 3694 877 3764 abessent,
899 3710 991 3765 neque
1012 3693 1124 3749 aliunde
1140 3695 1174 3749 de
1190 3696 1230 3750 eis

143 3797 296 3868 quidquam
312 3804 485 3869 compertum
499 3797 667 3854 haberemus
682 3798 736 3854 nisi
751 3815 785 3853 ex
799 3799 862 3854 loco
874 3796 1035 3870 Augustini,
1050 3817 1107 3854 non
1121 3799 1230 3869 dubito,

144 3903 223 3973 quin,
239 3903 366 3975 quisquis
382 3903 549 3959 nostratium
564 3902 728 3959 Sallustium
743 3905 849 3976 ederet,
869 3904 948 3960 eain
962 3908 1070 3958 textum
1085 3904 1230 3975 scriptoris

143 4008 300 4079 reciperet,
317 4009 384 4079 quia
405 4026 462 4063 non
477 4009 567 4064 solum
582 4025 678 4063 eorum
692 4009 740 4064 vix
755 4026 851 4064 carere
867 4008 975 4080 possis,
991 4008 1149 4080 sedetiam,
1165 4009 1231 4063 dum

143 4112 253 4166 incuria
283 4113 345 4168 eius
374 4114 422 4185 qui
452 4113 638 4186 archetypum
660 4113 785 4169 confecit
803 4114 888 4170 focile
914 4115 1042 4170 excidere
1067 4117 1232 4186 potuerunt,

144 4217 307 4273 auctoritati
322 4215 476 4291 Augustini
491 4217 540 4290 qui
555 4217 644 4276 verba
658 4223 786 4275 veterum
807 4219 977 4291 scriptorum
998 4219 1149 4291 diligenter
1170 4218 1230 4273 red·

1019 4314 1065 4382 2*
