3020 4922
753 407 1011 498 -eo-'

404 629 469 686 Non
490 629 586 702 magni
600 646 667 686 vero
685 631 881 706 aestimamus,
903 631 940 684 ad
955 629 1005 686 Ca.
1030 626 1080 694 11,
1098 629 1115 682 3
1138 644 1156 682 e
1174 627 1321 684 Prisciano
1345 645 1408 690 ,ne-

318 734 396 789 dum
411 735 451 788 illi
466 735 612 804 conruptis
626 734 760 791 moribus‘
775 753 826 805 pro
839 749 884 801 ,ne
899 731 942 786 r'lb'
954 738 1018 794 etc}
1032 733 1152 788 laudari.
1183 733 1255 790 Nam
1267 733 1322 788 etsi
1333 733 1406 788 idem

317 838 347 894 in
368 839 508 894 nonnullis
530 857 642 911 quoque
664 839 723 896 Iet
737 840 767 894 Il
782 856 847 912 gen.
862 840 941 896 libris
964 838 1115 912 invenitur,
1136 841 1231 893 temen
1252 837 1323 892 nihil
1344 853 1405 892 esse

318 945 372 1000 nisi
397 945 620 1000 emendationem
645 943 822 1002 librariorum
848 961 905 1016 qua
931 943 1073 1000 sententia
1105 943 1196 1014 magis
1228 941 1404 1013 explanetur,

317 1049 498 1105 manifestum
510 1053 566 1120 est3
577 1053 663 1120 atque
675 1049 731 1106 alio
742 1048 882 1105 Prisciani
892 1049 955 1104 loco
967 1043 1036 1123 (vol.
1048 1032 1078 1101 11'
1089 1065 1117 1117 p.
1131 1042 1186 1123 99)
1197 1046 1226 1102 in
1237 1064 1294 1118 quo
1307 1047 1404 1102 eadem

318 1153 435 1210 Sallusti
460 1153 549 1210 verba
574 1153 683 1222 laudat,
711 1158 766 1220 ,ce‘
792 1153 905 1224 legitur.
921 1185 966 1194 -
979 1153 1091 1215 Deinde
1117 1151 1211 1207 verbis
1239 1150 1288 1207 Ca.
1307 1149 1359 1218 56,
1386 1150 1405 1206 4

317 1259 419 1314 modo
442 1259 487 1313 ad
509 1258 636 1314 urbem
658 1259 758 1316 modo
781 1256 1330 1322 inGalliamversusmemoratis,
1347 1255 1405 1310 Pri-

205 1437 207 1442 Ι
318 1364 431 1418 seianus
446 1363 516 1418 illud
531 1361 571 1428 ,irs
587 1359 706 1416 Galliam
720 1367 832 1416 cersus‘
848 1363 981 1419 Sallustio
998 1363 1148 1434 ‘proprium
1167 1378 1230 1417 esse
1245 1362 1404 1432 contendit3

318 1469 368 1524 sed
380 1473 476 1523 tamen
486 1485 582 1539 praep.
599 1466 629 1520 irs
640 1485 693 1524 nos
708 1467 737 1522 in
749 1469 808 1525 solo
820 1469 893 1525 libro
905 1467 929 1523 E
942 1468 1077 1541 legimus,
1093 1485 1149 1540 quo
1161 1466 1405 1524 fortasse-senten-
1496 1461 1497 1468 ἶ

316 1573 374 1628 tiae
388 1577 503 1629 nostrae
522 1590 606 1645 quam
622 1589 707 1643 supra
721 1591 750 1643 p.
769 1571 808 1628 22
825 1591 866 1646 sq.
883 1574 918 1628 de
939 1572 1119 1628 eonreetione
1136 1571 1271 1626 librorum
1286 1571 1404 1626 diximus

317 1695 420 1734 novum
435 1683 630 1752 argumentum
646 1677 777 1732 adicitur.
808 1677 940 1734 Ceterum
954 1678 969 1731 l
984 1677 1097 1749 generis
1111 1682 1200 1732 nostr.
1215 1677 1267 1732 lib.
1284 1677 1408 1742 auctori·¹

317 1787 405 1838 tatem
428 1800 533 1856 augere
546 1782 678 1838 videntur
700 1782 741 1838 illi
762 1801 832 1855 quos
847 1783 974 1838 laudavit
988 1782 1151 1837 Priscianus
1171 1783 1241 1838 loci:
1257 1782 1301 1837 Iu.
1318 1781 1369 1849 48,
1385 1779 1402 1837 3
1489 1785 1491 1792 ’

318 1901 400 1957 ,quoe
413 1884 488 1940 tamt
502 1885 586 1942 crido
601 1892 684 1956 utque
694 1899 816 1940 arenoso
827 1885 993 1956 ,repnentur
1009 1892 1038 1956 et
1051 1886 1094 1958 Iu.
1110 1885 1163 1954 46,
1182 1886 1200 1942 2
1216 1901 1262 1954 ,uc
1277 1886 1304 1940 si
1318 1885 1404 1941 bostis

319 1990 459 2061 adesset,
474 1992 769 2082 ceteri,·exceptoillo
790 2009 911 2064 neque
930 1992 1110 2062 precibus
1134 2008 1255 2064 neque
1276 1993 1404 2064 gratia

317 2097 451 2167 inpelli
471 2098 596 2170 quivit
618 2097 695 2169 qued
708 2096 837 2152 Dietsch.
854 2097 891 2151 ad
912 2097 962 2153 Ca.
979 2096 1065 2165 49,1
1090 2111 1178 2166 aeque
1197 2092 1333 2166 precibus
1354 2111 1406 2149 rre-

318 2216 371 2272 que
385 2201 482 2273 pratia
495 2217 584 2272 raeque
600 2199 699 2271 precio
719 2199 880 2256 Ciceronem
896 2199 1033 2271 inpellere
1048 2207 1167 2271 potuere
1186 2200 1348 2268 referebat,
1370 2203 1405 2256 de
1498 2189 1499 2202 ¹

318 2325 373 2378 quo
388 2324 475 2378 supra
488 2325 516 2378 p.
535 2306 574 2362 lo
590 2307 758 2362 sententiam
771 2312 898 2362 nostram
908 2307 1084 2378 protulimus,
1097 2307 1166 2360 nihil
1176 2305 1317 2377 praebent
1328 2307 1403 2380 quod

317 2413 354 2468 ad
369 2412 418 2469 alt.
434 2429 524 2486 genus
539 2411 667 2467 codicum
682 2412 823 2482 pertinere
839 2429 965 2468 censeas.
993 2478 995 2482 ¹
1019 2491 1020 2496 ἵ

403 2517 476 2572 Tum
491 2511 638 2580 Charisius
654 2517 752 2573 decem
767 2522 797 2573 et
811 2522 921 2588 septem
935 2517 1046 2574 omnino
1061 2515 1131 2573 locis
1147 2499 1181 2573 ex
1193 2517 1278 2574 Catil.
1295 2521 1325 2573 et
1339 2518 1401 2590 Iug.

317 2622 439 2678 laudatis
454 2639 553 2694 parum
569 2622 661 2678 adfert
680 2622 718 2677 ad
739 2622 927 2679 recensendos
948 2622 1046 2679 libros.
1084 2623 1157 2679 Nam
1176 2624 1265 2680 verba
1289 2624 1403 2695 ,arrexit

317 2727 425 2784 animos
440 2727 566 2784 militum‘
588 2744 660 2800 quae
675 2726 805 2783 Dietscb
821 2727 858 2781 ad
873 2726 923 2783 Ca.
941 2725 1028 2795 93,.3
1044 2732 1123 2782 ceter
1139 2706 1281 2782 certamen
1294 2727 1403 2782 animos

318 2845 416 2888 eorum
431 2829 548 2888 arrexit
561 2831 719 2899 adnotavit,
742 2837 791 2886 aut
812 2849 846 2887 ex
867 2830 983 2887 Sallusti
1005 2832 1128 2889 historiis
1150 2835 1299 2904 desumpta
1320 2828 1404 2910 (dixit

317 2937 391 2992 enim
405 2935 550 2994 Charisius
564 2931 674 2992 tantum
693 2954 720 3005 ,a
725 2955 744 3007 p
753 2937 797 2991 ud
812 2935 872 2992 Sal
881 2936 916 2992 lu
925 2955 938 2992 s
948 2938 1044 2992 tium‘
1062 2955 1155 3009 neque
1169 2939 1218 2993 illa'
1230 2939 1267 2994 ad
1277 2939 1401 3010 reliquos

316 3040 395 3098 locos
414 3041 445 3098 in
468 3039 570 3112 quibus
590 3039 726 3112 arripere
744 3042 901 3098 invenitur:
922 3042 965 3097 Iu.
982 3040 1033 3113 68,
1048 3040 1085 3113 43
1101 3041 1154 3111 84,
1170 3041 1206 3115 43
1230 3041 1315 3110 86,1
1335 3061 1403 3116 qua-

317 3141 413 3222 drent)
435 3149 486 3200 aut
506 3147 666 3203 memoriter
686 3146 803 3202 laudata
824 3152 898 3202 sunt.
923 3145 1039 3201 -·L.1.
1062 3147 1099 3202 ad
1118 3146 1167 3203 Ca.
1190 3145 1240 3217 51,
1265 3147 1282 3203 1
1307 3162 1403 3202 omnes

316 3247 448 3318 homines,
462 3255 562 3320 patres
578 3265 688 3306 consor.
700 3250 786 3307 facile
801 3251 863 3308 deri
878 3250 980 3323 potuit,
995 3257 1027 3306 ut
1042 3252 1211 3308 vocabulum
1227 3267 1321 3306 omnes
1337 3257 1404 3324 post

316 3353 460 3425 ,bominer‘
476 3355 553 3426 apud
567 3355 724 3412 charisium
738 3355 886 3428 exciderit3
908 3357 959 3412 scd
973 3373 1064 3429 neque
1079 3357 1132 3412 hoc
1147 3374 1238 3429 neque
1260 3357 1316 3413 elio
1340 3357 1402 3413 loco

317 3476 380 3514 cum
395 3459 462 3515 selis
476 3459 507 3515 11
521 3476 586 3536 gen.
607 3461 687 3516 libris
710 3460 853 3517 Charisius
877 3461 1027 3528 consentit,
1049 3461 1104 3518 imo
1119 3462 1213 3532 potius
1228 3461 1247 3515 l.
1262 3461 1280 3515 l.
1298 3463 1335 3516 ad
1351 3462 1400 3518 Ca.

317 3560 367 3630 36,
383 3560 402 3619 5
425 3563 542 3630 ,duobus
563 3565 656 3621 senati
670 3565 801 3622 decretis‘
815 3559 837 3641 ¹)
861 3583 923 3622 eum
938 3561 1029 3621 tribus
1045 3567 1059 3621 Ι
1074 3583 1158 3638 gen,
1181 3566 1246 3620 dum
1270 3567 1346 3638 quod
1366 3567 1402 3622 ed

316 3737 552 3758 Ι*-

389 3842 408 3912 1)
418 3843 456 3897 Et
467 3859 501 3898 ex
511 3843 554 3898 his
566 3842 671 3899 duobus
680 3843 748 3898 locis
755 3844 863 3900 Charisi
873 3851 900 3899 et
914 3861 948 3900 ex
957 3845 1072 3900 aliorum
1081 3847 1319 3915 grammaticorum
1329 3848 1403 3902 testi-

316 3929 415 3984 moniis
428 3931 507 3985 nobis
518 3931 653 4000 suspicari
662 3930 735 3999 licet,
748 3932 904 3986 Sallustium
914 3949 1021 4002 semper
1033 3932 1121 3987 forma
1130 3935 1235 4002 ,senati‘
1244 3950 1324 3989 usum
1335 3951 1401 3990 esse.

315 4015 463 4072 Praeterea
472 4018 543 4072 enim
552 4034 585 4072 ea
594 4016 737 4072 duodecim
748 4018 815 4073 locis
825 4035 841 4071 a
852 4019 930 4074 libris
939 4021 1041 4075 nostris
1054 4027 1163 4076 servata
1175 4027 1225 4090 est,
1236 4021 1349 4095 (quibus.
1358 4023 1402 4077 ad-

316 4105 517 4159 numeravimus
527 4105 571 4160 Ca.
581 4107 622 4174 38,
632 4109 647 4159 2
659 4122 672 4160 s
682 4107 774 4161 enati
785 4105 879 4176 (supra
888 4107 930 4176 us)
941 4108 969 4160 in
980 4108 1126 4177 Epropter
1134 4109 1232 4162 bonam
1242 4109 1298 4163 hui.
1308 4108 1354 4164 lib.
1364 4110 1403 4163 iu-

317 4191 416 4262 dolem)
427 4191 525 4247 deinde
537 4193 576 4247 Iu.
589 4196 631 4262 25,
642 4196 660 4247 4
671 4194 699 4247 in
710 4193 827 4248 lectione
843 4195 880 4263 ,in
893 4198 998 4250 senatu‘
1015 4196 1158 4265 vestigium
1171 4196 1300 4264 antiquae
1319 4198 1402 4265 scrip
