3020 4922
586 399 805 462 ..25-

151 609 266 664 quoque
278 592 451 663 temporibus
458 592 609 650 Frontonis
620 594 708 649 codex
721 596 850 649 servatus
862 591 899 646 sit
910 608 943 647 ex
955 609 1011 664 quo
1022 593 1130 649 librarii
1141 595 1246 666 passim

148 698 286 752 nonnulla
301 697 389 754 verba
407 699 437 752 in
445 697 561 753 Sallusti
576 698 682 770 scripta
695 697 910 756 transtulerunt.
938 694 1017 763 Quae
1032 699 1244 771 qualiacunque

148 807 231 865 sunt,
254 807 331 858 certe
346 802 456 858 ratione
471 803 520 858 illa
536 799 602 858 Aldi
617 803 738 870 Manuti,
755 819 812 875 qua
827 801 933 872 scrIpta
949 803 1197 874 grammaticorum
1212 805 1243 860 in

146 923 229 960 nsum
242 905 357 962 Sallusti
369 909 518 976 convertit,
532 907 660 963 firmatur
675 909 817 964 sententia
832 912 940 991 nostra,
956 908 1005 962 illa
1020 909 1117 980 verba,
1134 909 1168 964 de
1184 903 1244 981 qui·

145 1010 202 1066 bus
225 1013 337 1084 agitur,
353 1013 398 1068 vel
420 1030 455 1068 ex
475 1013 618 1070 Frontone
638 1014 685 1069 vel
708 1031 742 1069 ex
761 1013 824 1068 loco
841 1012 959 1067 alicuius
983 1014 1128 1085 scrIptoris
1150 1014 1243 1070 adhuc

143 1114 230 1171 nobis
251 1117 348 1188 ignoto
371 1118 501 1174 derivata
521 1135 593 1177 esse.
625 1118 705 1184 Quae
721 1117 864 1173 sententia
879 1133 1042 1189 quanquam
1056 1117 1143 1174 firmis
1159 1135 1243 1190 argu·

143 1221 248 1275 mentis
264 1227 343 1278 caret
363 1227 394 1277 et
416 1227 525 1278 tantum
549 1224 714 1278 coniectura
733 1223 850 1292 nititur,
872 1227 967 1278 tamen
981 1227 1015 1277 ut
1029 1223 1066 1278 ad
1080 1240 1144 1279 eam
1159 1241 1240 1280 acee-

143 1325 254 1397 damus,
270 1344 333 1381 cum
354 1345 444 1398 parva
465 1328 575 1383 illorum
596 1328 731 1384 librorum
755 1327 926 1383 auctoritate
941 1332 1001 1382 tum
1017 1328 1154 1384 similibus
1170 1345 1241 1400 quos

142 1430 322 1488 laudavimus
337 1433 407 1488 locis
429 1433 489 1488 iure
511 1432 613 1488 adduci
633 1432 715 1489 nobis
737 1432 873 1492 videmur.
903 1433 942 1487 Et
962 1431 1085 1488 fortasse
1108 1434 1240 1505 exiguam

142 1540 261 1591 nostrae
283 1535 319 1592 de
339 1537 394 1593 hoe
414 1538 477 1593 loco
494 1537 651 1594 sententiae
673 1537 930 1608 comprobationem
953 1535 1065 1592 haurire
1088 1537 1187 1593 licebit
1206 1556 1241 1594 ex

142 1640 329 1697 adnotatione
345 1643 467 1714 quadam
480 1643 627 1711 Burnoufi,
644 1644 692 1715 qui
704 1643 793 1698 verba
808 1657 896 1712 neque
911 1637 1109 1695 muntebuatur
1123 1644 1153 1697 in
1167 1621 1240 1713 libro

141 1745 274 1801 Parisino
288 1747 364 1801 XIII
379 1765 455 1804 saec.
473 1749 509 1802 ad
524 1749 678 1820 marginem
701 1748 846 1818 adscripta
860 1746 985 1814 invenit,
1008 1746 1045 1802 cf.
1062 1747 1240 1804 Dietschium

143 1867 246 1912 comm,
262 1850 337 1921 p.·7.
679 1918 682 1923 ,

230 1951 320 2010 Multo
336 1973 404 2012 vero
419 1956 559 2012 difficilius
575 1958 638 2024 erit,
655 1962 762 2012 eertum
777 1957 911 2012 iudicium
926 1955 1023 2011 faeere
1038 1957 1073 2011 de
1089 1956 1238 2014 hocloco:

142 2059 189 2113 lu.
208 2057 260 2126 21,
275 2058 295 2115 4
311 2057 383 2114 celle
398 2065 426 2113 et
440 2075 557 2115 censere
579 2075 627 2115 eos
642 2058 677 2114 ab
693 2059 783 2114 armis
799 2057 963 2125 discedere,
985 2058 1019 2113 de
1033 2060 1239 2114 controuersiis

140 2161 204 2216 suls
226 2161 292 2218 iure
310 2163 407 2234 polias
430 2180 512 2235 quum
532 2161 602 2218 bello
626 2164 801 2234 disceptare,
825 2164 864 2218 itu
886 2163 970 2234 sequ'e
992 2162 1103 2234 illisque
1125 2163 1238 2234 dignum

140 2281 216 2328 esse.
232 2267 420 2326 Enuntiatum
431 2269 504 2325 enim
517 2268 552 2323 de
567 2268 819 2323 controuersiis-
828 2268 989 2338 disceptare
1001 2270 1082 2325 modo
1097 2270 1127 2325 in
1140 2269 1206 2330 libr.
1219 2287 1238 2326 σ

139 2375 172 2426 et
183 2371 314 2434 Leidens.
327 2373 354 2430 G
365 2375 565 2447 nonnuIIIsque
577 2376 639 2430 aliis
657 2377 691 2430 de
715 2375 818 2447 quibus
830 2375 899 2429 nihil
917 2381 1089 2445 compertum
1101 2375 1237 2431 habemus

139 2477 215 2532 inter
230 2477 321 2534 verba
336 2479 481 2550 scriptoris
497 2485 591 2550 extat3
612 2481 641 2535 in
664 2480 737 2536 libro
753 2475 788 2551 g²
804 2484 833 2535 et
844 2499 865 2552 μ
881 2481 917 2534 ad
938 2480 1092 2559 marginem
1113 2481 1237 2551 adserip-

141 2587 203 2636 tum
217 2588 269 2642 est.
302 2579 517 2660 (Erlangensem
533 2600 646 2657 quoque
662 2585 794 2640 hocloco
810 2601 940 2640 mancum
956 2601 1033 2649 esse,
1049 2584 1170 2640 Rothius
1185 2585 1203 2644 l.
1218 2585 1237 2661 l,

140 2703 171 2756 p.
188 2685 251 2743 630
266 2688 410 2758 narravit,
430 2689 527 2762 itaque
543 2689 672 2745 Dietsohi
689 2690 835 2744 adnotatio
858 2690 957 2744 critIoa
973 2689 1146 2759 conrigenda
1161 2686 1236 2765 erit.)

138 2790 197 2846 Sed
210 2793 324 2847 etiamsi
339 2793 416 2847 nulla
428 2811 473 2848 res
485 2799 598 2864 praesto
614 2800 668 2861 est,
682 2810 755 2866 quae
771 2795 799 2847 in
815 2794 1014 2864 investiganda
1029 2793 1137 2864 origine
1153 2793 1235 2862 liuius

137 2896 325 2952 addItamenti
339 2916 390 2952 nos
406 2898 531 2967 adiuvet,
544 2911 636 2970 neque
652 2899 688 2953 ab
706 2899 763 2954 ullo
775 2899 897 2953 omnium
913 2915 984 2969 quos
1000 2897 1129 2953 novimus
1146 2915 1236 2969 gram·

139 3002 245 3057 matico
261 3003 371 3057 laudari
386 3004 507 3070 videtur,
520 3008 615 3058 tamen
627 3003 676 3075 qui
691 3001 802 3074 integro
817 3003 922 3057 iudicio
937 3008 967 3056 et
982 3002 1044 3072 Ipsa
1058 3002 1130 3056 haec
1146 3001 1235 3057 verba

137 3110 169 3160 et
183 3105 233 3160 illa
248 3107 416 3178 quibuscum
429 3108 582 3164 cohaerent
593 3108 826 3170 consideraverit,
843 3108 911 3178 quin
923 3107 1039 3163 Sallusti
1055 3107 1112 3161 sint
1123 3107 1233 3162 minIme

137 3209 283 3266 dubitabit
297 3211 530 3285 Dietschiumque
552 3213 607 3268 hoc
629 3213 692 3268 loco
717 3212 908 3282 vituperabit,
929 3211 979 3282 qui
1003 3228 1072 3265 sane
1093 3211 1233 3266 debilibus

135 3317 311 3386 argumentis
323 3313 435 3392 (comm.
448 3334 476 3388 p.
489 3313 521 3393 2)
533 3318 684 3383 Kritzium‚
699 3317 775 3388 quod
786 3317 874 3372 verba
886 3316 935 3370 illo
946 3316 1094 3385 receperit,
1107 3315 1233 3371 refutare

135 3425 265 3479 conatur.
302 3422 394 3478 Recte
422 3423 495 3477 enim
515 3422 642 3476 Kritzius
670 3422 834 3492 simpliciter
857 3421 930 3476 haec
959 3421 1091 3475 adnotat:
1122 3421 1234 3486 ,Eluoet

133 3524 208 3580 enirn
224 3526 285 3580 sine
299 3526 343 3580 his
358 3526 452 3582 verbis
476 3527 644 3582 sententiam
664 3544 793 3581 mancam
816 3543 896 3599 esse,
918 3541 1009 3595 neque
1032 3525 1153 3596 intelllgi
1176 3541 1232 3597 quo

133 3635 265 3700 spectent
279 3635 423 3701 postrema
442 3630 483 3684 ite
498 3646 582 3701 seque
597 3635 660 3686 eta*
691 3631 746 3686 Sed
762 3629 785 3686 si
801 3633 865 3701 quis
882 3631 930 3685 illa
945 3646 1019 3701 quae
1035 3647 1121 3699 supra
1137 3630 1171 3684 de
1186 3647 1228 3684 re·

132 3735 217 3808 liquis
232 3736 302 3790 loeis
317 3735 582 3804 demonstravimus,
598 3742 732 3792 accurate
748 3736 889 3806 perspexit
904 3751 938 3788 ac
954 3734 1090 3789 rationem
1106 3738 1231 3788 nostram

133 3840 338 3911 comprobavit,
352 3840 407 3896 hoc
422 3856 535 3912 quoque
551 3842 624 3911 loco,
634 3825 694 3895 'etsi
709 3840 773 3896 fons
796 3857 831 3895 ex
851 3857 907 3910 quo
923 3839 1012 3895 verba
1031 3839 1080 3893 illa
1102 3838 1231 3893 derIvata

132 3950 198 4000 sunt
212 3961 311 4016 parum
332 3945 425 4001 adhuc
445 3945 528 4003 nobis
550 3950 634 4001 notus
654 3950 714 4012 est,
733 3950 829 4000 tamen
849 3946 947 4001 eadem
966 3943 1076 3999 ratione
1096 3944 1230 3998 utendum

132 4067 195 4106 esse
214 4049 297 4106 uobis
313 4051 461 4110 concedet.

217 4155 330 4223 Restat,
351 4161 383 4210 ut
402 4156 438 4211 de
457 4156 521 4211 loco
538 4154 587 4210 Oa.
604 4152 635 4222 6,
652 4153 671 4209 2
688 4152 731 4207 Ita
754 4149 833 4207 treet
847 4151 994 4207 multitudo
1010 4151 1126 4207 diversa
1141 4157 1226 4222 elque
