3020 4922
750 362 938 426 ..4...

281 623 284 631 ,
301 563 456 635 permansit
474 567 504 618 et
523 561 635 618 omnino
651 560 779 618 omnibus
794 560 906 617 excellit
920 560 1073 617 virtutibus
1095 576 1169 632 quae
1191 558 1386 631 antiquissimo

303 669 403 740 cuique
418 666 489 723 libro
504 667 620 722 innatae
635 672 710 723 sunt.
1253 653 1255 656 ¹

387 770 479 828 Aliter
497 789 563 828 vero
592 773 710 828 alterum
732 789 822 844 genus
852 771 979 827 codicum
1000 787 1029 826 se
1050 770 1138 827 habet
1158 769 1234 841 quod
1262 768 1387 840 reliquos

301 878 388 934 libros
412 877 625 948 complectitur,
646 878 676 932 in
694 877 750 932 fine
774 876 928 948 Iugurthae
949 894 1006 932 non
1025 875 1186 946 mutilatos,
1207 873 1388 929 aDietschio

302 982 417 1038 minutis
439 981 541 1036 litteris
563 981 698 1053 signatos.
730 981 854 1047 Quorum
878 999 940 1039 curn
962 981 1065 1052 singuli
1084 985 1128 1036 tot
1146 979 1217 1035 locis
1238 978 1388 1050 areliquis

302 1087 478 1157 discrepent,
499 1091 532 1140 ut
547 1092 698 1158 antequam
713 1088 823 1143 ratione
838 1087 960 1159 quadam
974 1090 1003 1140 et
1018 1085 1135 1141 consilio
1153 1103 1201 1140 eos
1220 1085 1250 1139 in
1264 1083 1388 1139 familias

305 1192 467 1248 discernere
483 1208 518 1246 ae
538 1191 682 1264 conligere
697 1192 806 1262 possis,
829 1191 905 1247 vires
920 1194 950 1245 te
964 1189 1113 1258 deficiant,
1128 1193 1195 1260 post
1208 1189 1342 1245 Rothium
1357 1189 1389 1242 in

301 1295 355 1352 hoo
376 1295 492 1352 stabant
514 1297 659 1352 doctorum
672 1297 796 1353 virorum
815 1295 990 1366 sententiae,
1014 1312 1109 1350 omnes
1129 1294 1218 1350 libros
1234 1294 1283 1366 qui
1297 1293 1389 1350 verba

300 1402 343 1456 Iu.
361 1399 436 1469 103,
454 1399 472 1456 2
488 1434 529 1444 -
547 1399 624 1469 112,
641 1399 659 1456 3
676 1402 848 1473 praeberent
869 1400 950 1472 quasi
965 1417 1050 1454 unum
1066 1418 1155 1472 genus
1171 1416 1206 1456 ex
1221 1400 1319 1456 eadem
1334 1399 1388 1454 ori·
1492 1443 1493 1446 ,

301 1507 367 1578 gine
382 1511 412 1563 et
425 1506 504 1563 fonte
519 1506 676 1563 derivatum
692 1512 805 1573 extare,
825 1523 879 1561 nec
898 1510 995 1561 tamen
1015 1504 1085 1560 satis
1108 1505 1230 1561 dilucide
1245 1505 1388 1576 explicare

300 1615 447 1684 poterant,
474 1628 526 1666 cur
546 1611 575 1665 in
599 1611 804 1683 antiquioribus
827 1611 968 1683 plerisque
994 1609 1139 1667 codicibus
1165 1611 1248 1666 huius
1274 1610 1387 1683 generis
1492 1599 1493 1609 ¹

300 1732 408 1786 parvae
430 1717 569 1787 quaedam
590 1717 709 1772 lacunae
728 1715 921 1772 invenirentur
936 1711 1020 1792 (quas
1035 1715 1091 1771 vid.
1108 1713 1182 1770 inira
1197 1733 1226 1786 p.
1244 1713 1296 1784 19)
1312 1732 1388 1787 quae
1450 1790 1452 1794 Ι

300 1820 329 1873 in
344 1821 544 1878 recentissimis
559 1821 707 1891 suppletae
721 1826 825 1877 essent.
856 1821 918 1887 Quo
930 1820 1037 1876 factum
1053 1825 1104 1887 est,
1120 1825 1152 1874 ut
1165 1819 1195 1874 in
1206 1819 1387 1876 recensendis
1492 1811 1493 1856 l

301 1925 447 1980 codicibus
471 1925 566 1998 eisque
586 1925 615 1980 in
636 1943 717 1981 usum
737 1926 882 1996 scriptoris
905 1925 1103 1982 convertendis
1120 1924 1242 1981 editores
1256 1943 1314 1981 non
1328 1930 1386 1979 tarn

302 2033 381 2084 certa
394 2030 503 2086 ratione
518 2030 560 2084 uti
574 2031 719 2101 potuerint
730 2032 807 2102 quali
817 2031 847 2086 in
861 2035 943 2086 tanta
953 2029 1088 2086 librorum
1101 2031 1184 2101 copia
1195 2047 1230 2086 ao
1241 2030 1386 2102 farragine

301 2150 371 2205 opus
387 2139 431 2190 est
443 2127 475 2210 ¹).

385 2239 520 2296 Nostrum
541 2241 629 2314 igitur
653 2243 706 2300 erit
726 2242 875 2314 diligenter
895 2243 1057 2314 explorare,
1082 2242 1200 2312 primum
1216 2241 1316 2314 quanti
1337 2257 1385 2296 eas

300 2343 454 2414 scripturas
481 2363 554 2417 quae
580 2347 639 2402 solo
666 2347 694 2401 in
721 2348 809 2402 altero
832 2364 934 2419 genere
955 2347 1083 2403 codicum
1105 2347 1285 2402 inveniantur
1304 2347 1386 2400 aesti-

300 2467 407 2505 memus
429 2450 596 2522 qualemque
621 2451 660 2506 eis
683 2451 820 2523 originem
842 2451 1032 2522 vindicemus,
1055 2451 1156 2506 deinde
1178 2467 1246 2506 vero
1268 2449 1335 2521 quid
1358 2451 1386 2503 in

301 2555 463 2610 universum
483 2555 518 2610 de
535 2555 643 2627 origine
666 2560 695 2610 et
708 2556 837 2626 partibus
853 2557 969 2612 alterius
984 2556 1097 2628 generis
1112 2555 1246 2611 librorum
1262 2559 1386 2610 statuen-

300 2659 364 2714 dum
380 2659 426 2715 sit.

828 3171 853 3243 Ι.

387 3383 508 3438 Etiamsi
522 3401 590 3439 vero
606 3401 669 3439 eum
684 3384 732 3455 qui
748 3390 915 3454 apparatum
930 3383 1058 3437 criticum
1075 3383 1141 3438 edit.
1157 3383 1285 3438 Dietsch.
1302 3399 1383 3438 aocu·
1492 3395 1493 3404 ¹

301 3493 363 3544 rate
380 3494 410 3544 et
432 3489 545 3545 ratione
560 3491 681 3561 quadam
696 3489 881 3560 indagaturus
897 3495 955 3557 est,
971 3506 1060 3545 suave
1077 3494 1106 3544 et
1120 3489 1270 3543 iucundum
1284 3507 1384 3544 munus

301 3593 462 3664 suscepisse
477 3611 534 3649 non
550 3594 668 3664 dixeris,
690 3601 785 3650 tamen
795 3584 938 3666 ¹quomodo
959 3593 988 3648 id
1010 3611 1085 3649 nuno
1103 3594 1224 3650 vitemus
1244 3611 1299 3649 non
1321 3611 1384 3662 sup-

372 3873 391 3938 1)
403 3873 441 3928 Et
452 3873 511 3942 ipse
523 3871 695 3940 Dietschius,
713 3887 867 3940 quanquam
884 3873 975 3928 statim
994 3873 1028 3927 ab
1046 3873 1124 3926 initio
1142 3872 1170 3926 in
1182 3871 1262 3942 primi
1278 3872 1386 3940 generis

300 3966 393 4029 partes
406 3977 435 4015 se
448 3959 602 4028 transtulit,
618 3967 709 4013 tamen
720 3975 914 4028 nonnunquam
925 3975 1069 4029 perperam
1083 3959 1117 4014 ad
1128 3959 1338 4028 praeferendum
1350 3959 1386 4012 al-

301 4055 389 4101 terum
410 4064 495 4116 genus
513 4047 670 4115 inclinabat,
688 4047 724 4118 utj
739 4046 783 4101 Ca.
800 4049 857 4116 6,2
876 4047 1119 4116 olii;-1u.38,9
1136 4051 1245 4114 tenerci;
1258 4077 1291 4087 -—
1303 4049 1351 4114 84,
1369 4049 1385 4100 3

295 4134 384 4202 plebei
386 4155 395 4204 ;
408 4166 442 4175 —
454 4137 496 4204 89,
509 4139 525 4189 7
537 4134 665 4206 agebatur
677 4141 705 4188 et
716 4134 749 4188 al.
762 4164 795 4175 -
