3020 4922
726 467 941 530 ..20-

297 655 363 710 dere
378 656 451 711 solet
465 655 640 727 aliquantum
654 657 701 713 hic
716 659 884 715 credendum
901 664 954 717 est.
984 659 1064 725 Quae
1080 660 1104 714 si
1120 661 1261 725 concedis,
1277 661 1384 730 optimo

296 761 356 816 iure
372 760 433 816 fieri
452 763 577 839 potuisse
598 764 755 830 contendo,
776 768 809 818 ut
832 764 916 821 medii
932 765 995 820 aevi
1011 765 1119 819 librarii
1135 766 1183 836 qui
1205 766 1312 835 scripte
1326 764 1385 820 Au·

296 866 403 937 gustini
424 884 530 922 summo
553 867 645 922 studio
668 885 703 923 ac
726 869 907 924 veneratione
922 868 1108 934 lectitabant,
1128 871 1225 925 eadem
1247 871 1302 924 iam
1318 876 1386 925 ante

296 971 367 1025 haec
389 971 431 1027 1v
450 972 497 1026 vel
511 971 538 1027 V
557 989 634 1027 saec.
661 974 771 1028 ratione
798 974 914 1029 adducti
939 974 1029 1028 verba
1055 973 1170 1030 Sallusti
1196 975 1385 1032 conrexerint.

296 1075 371 1141 Quin
385 1076 470 1131 etiam
489 1076 607 1132 formam
627 1077 737 1133 illorum
752 1078 903 1133 verborum
918 1078 943 1132 si
957 1079 1072 1133 intentis
1088 1079 1178 1134 oculis
1194 1079 1385 1150 conspexeris,

295 1181 381 1238 talem
405 1181 531 1238 invenies
557 1182 650 1253 qualis
678 1183 814 1253 antiquae
836 1183 952 1254 originis
974 1183 1122 1253 suspitioni
1144 1182 1256 1238 minime
1278 1182 1386 1244 faveat.

294 1286 414 1358 Legitur
428 1286 502 1340 enim
517 1290 598 1356 atque
610 1285 713 1356 optimc
726 1291 838 1341 tantum
853 1275 936 1357 in'p³
947 1280 983 1358 p⁶
995 1281 1043 1358 3⁴,
1059 1291 1086 1340 ct
1100 1285 1203 1356 optimo
1217 1288 1246 1343 in
1261 1282 1299 1358 p⁵
1310 1281 1347 1360 g⁶
1359 1306 1385 1362 y,

295 1405 331 1443 ee
347 1387 449 1459 optima
463 1395 545 1460 utque
557 1387 702 1459 pulcherr.
718 1392 748 1446 in
770 1386 813 1458 s²,
836 1406 873 1444 ee
893 1387 1041 1460 pulcherr.
1057 1395 1084 1444 et
1098 1389 1200 1460 optima
1215 1393 1244 1446 in
1259 1388 1290 1447 s¹
1306 1411 1320 1446 r
1335 1385 1384 1464 g⁶,

294 1492 398 1564 optimc
412 1495 449 1549 ad
462 1495 617 1566 marginem
638 1497 811 1566 adscriptum
834 1501 878 1551 est
892 1496 922 1550 in
936 1490 985 1568 g⁷.
1015 1495 1117 1566 Itaque
1139 1513 1203 1550 cum
1223 1513 1314 1568 neque
1335 1497 1385 1551 illa

294 1599 383 1654 verba
405 1599 434 1652 in
458 1599 663 1671 antiquioribus
679 1600 709 1655 II
724 1618 787 1673 gen.
811 1601 957 1657 codicibus
981 1601 1059 1655 velut
1073 1619 1100 1655 m
1116 1601 1162 1657 vel
1177 1620 1201 1666 s,
1224 1602 1278 1656 imo
1298 1619 1333 1657 ne
1355 1602 1385 1656 in

294 1697 331 1775 g*
347 1704 459 1774 quidem
474 1705 520 1759 vel
537 1705 591 1759 inl
607 1704 656 1776 qui
677 1705 772 1760 multis
791 1706 897 1776 ubique
921 1705 1119 1760 additamentis
1140 1710 1170 1761 et
1184 1705 1385 1761 emendationi·

293 1808 347 1863 bus
360 1807 493 1863 laborant
502 1809 691 1878 inveniantur,
704 1827 795 1882 neque
811 1811 878 1866 siin
890 1809 992 1882 quibus
1007 1809 1104 1864 insunt
1113 1811 1178 1867 libri
1189 1810 1244 1865 alio
1260 1826 1384 1882 unquam

292 1914 355 1968 loco
371 1914 453 1968 simili
468 1916 549 1969 modo
566 1915 699 1970 adversus
715 1917 841 1986 reliquos
857 1914 1049 1981 consentiant,
1066 1919 1196 1970 constare
1212 1915 1293 1970 nobis
1307 1915 1384 1971 vide-

292 2022 347 2084 tur,
364 2035 381 2072 a
395 2019 510 2075 librario
525 2021 555 2073 in
570 2019 682 2090 scriptis
697 2018 851 2092 Augustini
873 2020 1002 2076 volutato
1018 2018 1108 2075 verba
1122 2019 1171 2074 illa
1186 2019 1252 2074 huic
1268 2019 1383 2076 Sallusti

230 2151 239 2179 ,-
291 2122 355 2177 loco
372 2123 485 2178 adiecta
500 2141 571 2179 esse.

379 2227 434 2284 Sed
454 2229 479 2284 si
501 2229 550 2300 qui
572 2228 647 2283 hunc
668 2229 761 2284 locum
780 2230 877 2301 attigit
890 2227 1067 2285 Woelfflinus
1081 2228 1102 2286 l.
1119 2228 1138 2286 1.
1155 2227 1255 2287 Philol.
1272 2247 1300 2299 p.
1319 2226 1380 2284 524

292 2349 334 2404 sq.
356 2333 458 2389 leviter
484 2338 513 2388 et
535 2335 595 2390 sinc
618 2335 677 2389 ulla
697 2335 873 2389 dubitatione
899 2334 940 2388 ita
960 2333 994 2388 de
1017 2337 1079 2388 tota
1101 2332 1157 2387 bac
1179 2351 1208 2388 re
1231 2333 1382 2389 iudicavit:
1492 2397 1493 2400 Ἴ

291 2437 397 2518 murz,
420 2438 465 2493 die
488 2439 587 2495 aweite
607 2438 704 2495 Classe
727 2440 804 2512 neigt
825 2439 854 2494 in
876 2436 979 2494 Gutcm
1000 2437 1058 2491 und
1074 2436 1251 2493 Schlecbtem
1275 2438 1384 2492 einen

290 2542 590 2616 merkwiirdigen
627 2543 934 2615 zusammenhang
968 2543 1035 2596 mit
1067 2539 1273 2614 Augustin,
1311 2542 1383 2610 sie,

291 2665 369 2702 zum
389 2647 606 2704 deutlichen
625 2647 874 2705 Untcrsohied
896 2666 962 2704 von
982 2648 1043 2704 der
1063 2650 1202 2702 ersten‘
1223 2651 1319 2700 tamen
1333 2647 1383 2701 ubi

290 2753 327 2807 ad
341 2752 467 2824 singulos
482 2753 560 2809 locos
575 2755 693 2825 propius
708 2754 873 2821 accesseris,
886 2758 945 2808 tam
958 2754 1048 2807 multa
1067 2769 1139 2822 quae
1156 2751 1203 2814 W,
1218 2751 1252 2806 de
1273 2751 1313 2806 eis
1334 2751 1381 2806 ad-

289 2858 401 2913 notavit
422 2858 594 2930 conrigenda
614 2862 713 2926 erunt,
733 2863 766 2913 ut
785 2859 861 2930 quod
874 2858 921 2912 ille
944 2856 1094 2912 affirmavit
1108 2857 1193 2927 plane
1215 2861 1378 2912 evanescat.

289 2960 334 3016 Ac
349 2961 399 3023 Ca.
417 2960 476 3030 52,
497 2961 538 3019 20
553 2961 580 3016 si
595 2961 635 3015 ito
649 2952 741 3044 [res]
754 2967 827 3016 essct
837 2962 1008 3018 vocabulum
1020 2975 1069 3013 res
1081 2979 1137 3016 non
1148 2962 1238 3018 solum
1249 2961 1332 3016 abest
1344 2961 1381 3015 ab

289 3064 444 3139 Augustini
455 3068 518 3122 loco
532 3072 561 3123 et
571 3067 713 3122 nonnullis
724 3067 804 3122 libris
816 3067 845 3121 Il
857 3085 921 3139 gen,
933 3059 978 3141 (ut
988 3066 1035 3122 W.
1045 3062 1214 3142 contendit),
1228 3066 1280 3120 sed
1294 3066 1381 3122 etiam

289 3171 328 3226 ab
343 3172 375 3239 E,
390 3177 421 3226 et
435 3172 464 3226 in
478 3173 504 3226 T
519 3188 537 3226 a
552 3173 707 3242 posteriore
722 3173 833 3228 demum
843 3189 929 3226 manu
941 3171 1160 3242 superscriptum
1172 3176 1225 3228 est.
1238 3164 1261 3246 ¹)
1276 3201 1314 3210 -
1328 3170 1379 3228 Ca.

292 3273 322 3343 2,
336 3275 351 3330 1
365 3273 455 3346 igitur
466 3275 496 3328 io
507 3274 587 3329 initio
599 3277 689 3336 Paris.
702 3279 747 3335 ed.
763 3275 843 3333 1841
856 3274 1011 3348 Augustini
1028 3270 1126 3351 (quam
1136 3275 1259 3334 Woelffl.
1271 3293 1300 3345 p.
1315 3273 1377 3331 527

290 3375 439 3457 laudavit),
451 3378 531 3434 initio
543 3381 666 3451 exhibet,
679 3383 769 3437 omis
778 3399 815 3436 sa
826 3381 1035 3452 praepositione
1050 3378 1089 3434 io.
1097 3411 1126 3421 -
1136 3379 1186 3438 Oa.
1196 3376 1226 3447 6,
1240 3379 1257 3433 3
1272 3374 1380 3432 ciuibus

291 3479 417 3539 moribus
432 3483 515 3556 cyris
530 3491 615 3540 aucta
629 3488 800 3543 vocabulum
816 3481 924 3560 legibus
939 3481 1002 3562 (pro
1018 3479 1149 3561 meiius),
1169 3483 1255 3555 quod,
1279 3483 1379 3555 quanti

363 3801 381 3871 ¹)
402 3801 528 3855 Ceterum
550 3800 664 3869 Kviqala
678 3801 695 3856 l.
713 3801 730 3856 l.
752 3801 913 3856 vocabulum
933 3816 976 3854 res
997 3805 1076 3854 acute
1098 3797 1244 3853 defendere
1257 3803 1379 3866 conatur,

289 3888 391 3959 quippo
408 3888 481 3957 quod
501 3889 593 3957 prisco
612 3889 753 3944 Catoniani
776 3891 908 3946 sermonis
928 3887 1013 3944 colori
1034 3887 1135 3956 optime
1157 3885 1378 3956 conveniat(an

288 3977 375 4030 Plaut.
392 3977 474 4030 Most.
490 3976 530 4030 IV
548 3978 581 4044 3,
598 3976 633 4027 40
644 3974 711 4028 haec
729 3991 774 4028 res
792 3976 831 4029 sic
851 3982 905 4043 est,
923 3980 954 4027 ut
971 3990 1053 4028 narro
1070 3973 1130 4043 tibi)
1148 3972 1279 4026 advocato
1298 3973 1378 4027 simili

290 4064 419 4116 orationis
431 4063 555 4118 Caesaris
566 4062 626 4116 loco
639 4061 683 4115 Ca
697 4064 739 4130 51,
751 4064 786 4115 40
796 4063 862 4131 leges
869 4066 988 4129 paratae
998 4065 1068 4127 aaut,
1081 4060 1177 4128 quibas
1188 4059 1287 4129 legibus
1298 4075 1378 4128 quam

290 4151 528 4219 constructionem,
541 4165 558 4202 a
570 4149 685 4203 Caesare
695 4165 776 4218 saepe
789 4149 930 4218 usitatam,
946 4147 1019 4217 apud
1031 4147 1188 4202 Sallustium
1201 4153 1315 4215 excepto
1328 4147 1378 4201 hoc

289 4235 350 4290 loco
363 4252 497 4304 nusquam
509 4235 632 4291 invenias
