3020 4922
680 399 892 460 ...24-

242 587 363 659 quodam
378 587 502 659 Popmae
516 581 538 664 ¹)
554 588 625 644 libro
640 589 828 649 inveniantur.
856 590 988 646 Ceterum
1004 591 1116 646 accedit
1131 591 1168 645 ad
1184 590 1254 645 duos
1269 590 1333 645 illos

240 693 328 748 libros
344 692 353 746 l
368 698 397 748 et
412 711 429 768 y
443 693 471 747 in
485 693 588 765 quibus
603 707 694 763 neque
705 690 904 747 muniebantur
919 695 1054 766 scriptum
1079 701 1123 750 est
1143 696 1333 750 testimonium

242 814 354 869 quoque
370 798 535 865 Frontonis,
552 816 570 853 a
584 799 730 854 Dietschio
747 800 889 870 adlatum3
912 805 941 854 et
956 817 1119 872 quanquam
1135 817 1191 871 quo
1207 806 1334 870 ternpore

241 903 346 974 scripta
359 903 508 958 Frontonis
520 898 650 979 (excepto
663 904 710 958 illo
724 905 799 975 quod
811 905 897 975 vulgo
909 905 936 959 ei
955 905 1129 960 adscribitur
1147 905 1200 971 ,de
1223 904 1301 962 diff
1308 923 1335 959 e·

140 1056 143 1059 .
247 1009 385 1062 rentia‘
408 1009 599 1064 verborum
619 1009 646 1063 in
670 1025 726 1079 quo
748 1026 829 1064 uerno
851 1013 978 1064 veterum
1000 1010 1166 1081 scriptorum
1189 1005 1334 1084 laudatur)

242 1129 276 1166 ex
299 1113 388 1167 oculis
413 1113 554 1168 hominum
576 1114 691 1179 ablata,
714 1113 797 1184 plane
821 1115 988 1169 evanuerint
1009 1119 1038 1169 et
1059 1115 1100 1170 ita
1122 1115 1276 1169 alibrariis
1298 1115 1334 1168 ad

243 1217 429 1288 eonrigendos
445 1219 596 1288 scriptores
612 1218 738 1273 adhiberi
754 1219 907 1283 desierint,
929 1207 1009 1273 firmo
1031 1223 1198 1290 argumento
1214 1219 1335 1290 probare

243 1323 408 1392 nequimus.
428 1328 522 1378 tamen
537 1323 615 1377 circa
630 1323 670 1378 Vl
685 1323 741 1376 iarn
756 1323 801 1378 vel
818 1323 872 1378 VII
888 1324 1032 1378 saeculum
1047 1342 1075 1395 p.
1093 1324 1157 1381 Chr.
1173 1343 1202 1379 n.
1214 1325 1242 1378 id
1263 1324 1336 1378 acci-

244 1426 317 1480 disse
329 1426 389 1482 veri
401 1428 488 1482 simile
500 1433 553 1492 est,
566 1445 629 1482 cum
641 1428 728 1482 verba
738 1428 887 1483 Frontonis
899 1446 917 1482 a
928 1428 1042 1484 Sidonio
1056 1429 1168 1500 quidem
1177 1427 1336 1498 Apollinari

244 1537 273 1583 et
287 1530 429 1586 lilartiano
445 1531 561 1602 Capella
577 1533 756 1603 Eusebioque
773 1537 802 1588 et
817 1533 985 1588 Oassiodoro
1000 1533 1161 1600 laudentur,
1177 1550 1250 1604 quae
1267 1551 1336 1589 vero

245 1635 366 1690 loannes
381 1635 603 1692 Saresberiensis
620 1638 668 1708 qui
683 1654 708 1696 a.
724 1637 805 1694 1180
822 1642 949 1692 mortuus
966 1644 1010 1694 est
1025 1657 1059 1694 ex
1075 1639 1219 1694 Frontone
1234 1656 1337 1693 merno-

245 1745 308 1794 rata
323 1741 455 1808 tradidit,
475 1760 530 1797 non
551 1742 579 1796 in
602 1743 689 1813 ipsius
710 1742 855 1814 scriptoris
879 1743 976 1809 libris,
998 1745 1048 1799 sed
1069 1743 1145 1814 apud
1160 1742 1337 1798 Macrobium

246 1844 305 1902 Sat.
318 1845 373 1900 Vll
390 1846 407 1900 3
424 1847 454 1900 in
467 1845 516 1904 fin.
532 1847 637 1918 legisse
652 1848 783 1903 videatur
798 1842 1042 1923 (Schaarschmidt
1058 1846 1129 1914 ,loh.
1142 1847 1338 1904 Saresberien·

246 1950 284 2004 sis
304 1949 333 2004 iu
348 1951 452 2005 seinem
467 1949 644 2007 Verhitltniss
667 1970 717 2006 zur
737 1951 823 2012 klass.
840 1951 1005 2007 Litteratur‘
1021 1952 1050 2006 in
1065 1970 1137 2014 rnus,
1151 1953 1250 2023 philol.
1266 1953 1339 2008 XIV

246 2054 275 2108 iu
289 2055 485 2110 enumerandis
508 2055 692 2127 scriptoribus
714 2056 817 2127 quibus
832 2057 954 2112 Ioannes
975 2075 1043 2111 usus
1065 2062 1109 2112 est
1124 2075 1159 2112 nc
1174 2058 1263 2113 verbo
1279 2057 1339 2128 qui·

247 2160 309 2214 dem
321 2160 492 2215 Frontonem
504 2156 621 2237 attigit).
645 2159 689 2216 Ac
700 2160 858 2217 cavendnm
870 2165 923 2226 est,
935 2179 970 2216 ne
984 2162 1046 2232 quis
1061 2179 1096 2216 ea
1110 2162 1139 2216 in
1151 2180 1180 2217 re
1196 2163 1225 2216 in
1237 2161 1338 2217 falsam

247 2280 324 2334 spem
337 2265 462 2336 erigatur
473 2271 625 2336 conspecta
637 2267 820 2322 adnotatione
832 2267 954 2337 quadam
962 2265 1028 2321 Aldi
1037 2267 1156 2334 Manuti,
1171 2267 1220 2338 qui
1232 2268 1339 2337 scripta

246 2370 501 2440 grammaticorum,
532 2371 650 2426 maxime
672 2371 761 2442 Servi,
781 2371 809 2424 in
837 2371 1010 2426 recensendo
1034 2370 1167 2426 Sallustio
1190 2372 1340 2443 diligenter

248 2475 453 2546 pervestigent
475 2481 503 2530 et
519 2477 554 2530 ad
571 2477 745 2532 emendanda
760 2476 834 2530 illius
850 2476 938 2530 verba
954 2476 1102 2532 convertit.
1141 2476 1170 2530 Is
1187 2477 1340 2531 enimcum

249 2555 286 2633 ad
307 2579 393 2634 alium
412 2580 505 2635 locum
528 2579 761 2647 Oa.25,1oiro
783 2576 882 2632 liberis
904 2579 975 2632 satis
993 2578 1142 2648 fortunato
1163 2580 1339 2635 adnotasset:

251 2663 397 2751 ,sustuli
423 2686 650 2756 particulam
680 2658 965 2740 or'testimonio
989 2685 1192 2739 Frontonis
1215 2685 1341 2739 adduc-

251 2793 331 2856 tus‘,
350 2789 380 2843 in
404 2790 523 2845 eundem
546 2807 667 2846 errorem
687 2789 820 2844 incidisse
835 2789 947 2844 videtur
966 2806 1022 2860 quo
1039 2789 1168 2860 plerique
1183 2790 1258 2844 illius
1273 2794 1341 2844 tem·

251 2894 326 2962 poris
341 2894 394 2949 viri
410 2895 486 2950 docti
509 2895 644 2964 implicati
660 2900 741 2950 erant
757 2889 800 2969 (et
814 2911 903 2965 nuper
918 2895 1002 2949 etiarn
1017 2893 1053 2952 A.
1071 2891 1159 2948 llaius
1174 2895 1202 2948 in
1219 2895 1341 2950 editione

252 2999 402 3054 Frontonis
417 2992 633 3076 Mediolanensi)
646 3001 750 3071 quippe
766 3000 814 3070 qui
831 2998 962 3053 Ammiani
980 2999 1067 3054 Messi
1083 2998 1266 3070 ,Quadrigam
1282 3000 1342 3054 sive

253 3103 380 3173 exempla
406 3104 584 3161 elocutionis‘
610 3105 761 3161 Frontonis
789 3121 851 3159 csse
877 3105 1050 3174 iudicarent,
1077 3120 1134 3175 qua
1160 3105 1196 3158 de
1222 3121 1252 3158 re
1278 3105 1342 3160 vide

253 3207 437 3263 Niebuhrium
452 3209 481 3263 in
497 3210 541 3268 ed.
557 3211 656 3268 Front.
673 3210 766 3266 Berul.
783 3227 810 3279 p.
827 3210 935 3266 XXXI.

310 3311 440 3368 Ceterum
451 3314 573 3370 fortasse
584 3315 744 3370 dubitemus
756 3313 835 3381 licet,
847 3331 884 3368 an
895 3315 942 3368 ille
954 3313 1026 3368 liber
1037 3313 1245 3384 palimpsestus‚
1257 3313 1294 3382 ab
1306 3312 1342 3371 Α.

253 3417 480 3489 Maiorepertus,
494 3436 549 3490 quo
565 3424 691 3490 tempore
706 3419 813 3473 interiit
824 3419 901 3475 solus
916 3424 946 3473 et
960 3419 1074 3472 ultimus
1089 3418 1210 3472 omnium
1226 3418 1344 3473 Fronto·

253 3523 329 3578 nien.
345 3524 475 3579 codicum
490 3523 576 3580 fuerit
591 3525 639 3596 qui
656 3529 725 3579 tunc
742 3523 908 3593 extiteruut;
924 3521 1009 3578 facile
1024 3523 1098 3577 enirn
1113 3528 1145 3577 ut
1155 3522 1268 3578 videtur
1282 3521 1345 3578 fieri

253 3629 356 3697 potnit,
370 3629 442 3683 utin
460 3629 633 3686 bibliotheca
646 3629 741 3700 aliqua
758 3627 958 3684 monachorum
977 3627 1123 3683 recondita
1141 3627 1344 3698 posterioribus

328 3980 346 4050 ¹)
366 3981 404 4034 At
422 3979 557 4034 Gruterus
574 3979 628 4033 iam
645 3977 679 4032 ad
696 3977 768 4031 hunc
787 3977 875 4031 locum
895 3953 1047 4031 adnotavit:
1065 3975 1160 4030 Adeo
1177 3983 1211 4030 nt
1231 3982 1344 4045 putem

256 4067 407 4122 codicem
431 4069 504 4122 eius
527 4066 667 4138 [Popmae]
689 4066 969 4134 antiquissimum
993 4064 1084 4117 nihil
1107 4064 1235 4126 habere
1252 4079 1346 4132 prae·

255 4163 308 4208 ter
325 4169 449 4210 nomen.
