<?xml version="1.0" encoding="UTF-8"?>
<!DOCTYPE html PUBLIC "-//W3C//DTD XHTML 1.0 Transitional//EN"
    "http://www.w3.org/TR/xhtml1/DTD/xhtml1-transitional.dtd">
<html xmlns="http://www.w3.org/1999/xhtml" xml:lang="en" lang="en">
 <head>
  <title>
</title>
<meta http-equiv="Content-Type" content="text/html;charset=utf-8" />
  <meta name='ocr-system' content='tesseract 3.04.00' />
  <meta name='ocr-capabilities' content='ocr_page ocr_carea ocr_par ocr_line ocrx_word'/>
</head>
<body>
  <div class='ocr_page' id='page_1' title='image "./decsallusticrip00brengoog_0018.png"; bbox 0 0 3020 4922; ppageno 0'>
   <div class='ocr_carea' id='block_1_1' title="bbox 607 463 822 524">
    <p class='ocr_par' dir='ltr' id='par_1_1' title="bbox 607 463 822 524">
     <span class='ocr_line' id='line_1_1' title="bbox 607 463 822 524; baseline 0.005 -16"><span class='ocrx_word' id='word_1_1' title='bbox 607 463 822 524; x_wconf 73' lang='lat'>..11-</span> 
     </span>
    </p>
   </div>
   <div class='ocr_carea' id='block_1_2' title="bbox 149 653 1265 4310">
    <p class='ocr_par' dir='ltr' id='par_1_2' title="bbox 149 653 1265 4310">
     <span class='ocr_line' id='line_1_2' title="bbox 175 653 1260 730; baseline -0.01 -13"><span class='ocrx_word' id='word_1_2' title='bbox 175 657 541 730; x_wconf 86' lang='lat' dir='ltr'><strong><em>Dienstleistungen‘</em></strong></span> <span class='ocrx_word' id='word_1_3' title='bbox 561 656 696 714; x_wconf 86' lang='lat' dir='ltr'><strong><em>vindieat.</em></strong></span> <span class='ocrx_word' id='word_1_4' title='bbox 727 655 859 712; x_wconf 82' lang='lat' dir='ltr'><strong><em>Ceterum</em></strong></span> <span class='ocrx_word' id='word_1_5' title='bbox 878 671 912 709; x_wconf 89' lang='lat' dir='ltr'><strong><em>ex</em></strong></span> <span class='ocrx_word' id='word_1_6' title='bbox 931 653 980 708; x_wconf 87' lang='lat' dir='ltr'><strong><em>illa</em></strong></span> <span class='ocrx_word' id='word_1_7' title='bbox 996 653 1154 724; x_wconf 83' lang='lat' dir='ltr'><strong><em>scripturae</em></strong></span> <span class='ocrx_word' id='word_1_8' title='bbox 1169 653 1260 710; x_wconf 83' lang='lat' dir='ltr'><strong><em>diver·</em></strong></span> 
     </span>
     <span class='ocr_line' id='line_1_3' title="bbox 175 759 1259 836; baseline -0.006 -15"><span class='ocrx_word' id='word_1_9' title='bbox 175 767 261 822; x_wconf 88' lang='lat' dir='ltr'><strong><em>sitate</em></strong></span> <span class='ocrx_word' id='word_1_10' title='bbox 281 766 361 821; x_wconf 89' lang='lat' dir='ltr'><strong><em>libris</em></strong></span> <span class='ocrx_word' id='word_1_11' title='bbox 380 765 411 819; x_wconf 93' lang='grc' dir='ltr'>Π</span> <span class='ocrx_word' id='word_1_12' title='bbox 430 781 496 836; x_wconf 89' lang='lat' dir='ltr'><strong><em>gen.</em></strong></span> <span class='ocrx_word' id='word_1_13' title='bbox 518 763 641 834; x_wconf 88' lang='lat' dir='ltr'><strong><em>speeiem</em></strong></span> <span class='ocrx_word' id='word_1_14' title='bbox 663 762 794 833; x_wconf 84' lang='lat' dir='ltr'><strong><em>propriae</em></strong></span> <span class='ocrx_word' id='word_1_15' title='bbox 817 759 933 832; x_wconf 86' lang='lat' dir='ltr'><strong><em>originis</em></strong></span> <span class='ocrx_word' id='word_1_16' title='bbox 952 759 1076 814; x_wconf 77' lang='lat' dir='ltr'><strong>adscribi</strong></span> <span class='ocrx_word' id='word_1_17' title='bbox 1097 776 1155 815; x_wconf 88' lang='lat' dir='ltr'><strong><em>non</em></strong></span> <span class='ocrx_word' id='word_1_18' title='bbox 1175 775 1259 830; x_wconf 88' lang='lat' dir='ltr'><strong><em>posse</em></strong></span> 
     </span>
     <span class='ocr_line' id='line_1_4' title="bbox 176 853 1259 945; baseline -0.009 -19"><span class='ocrx_word' id='word_1_19' title='bbox 176 871 245 926; x_wconf 89' lang='lat' dir='ltr'><strong><em>satis</em></strong></span> <span class='ocrx_word' id='word_1_20' title='bbox 263 869 444 925; x_wconf 86' lang='lat' dir='ltr'><strong><em>manifestum</em></strong></span> <span class='ocrx_word' id='word_1_21' title='bbox 463 873 515 924; x_wconf 85' lang='lat' dir='ltr'><strong><em>est.</em></strong></span> <span class='ocrx_word' id='word_1_22' title='bbox 534 899 573 910; x_wconf 92' lang='lat'><em>-</em></span> <span class='ocrx_word' id='word_1_23' title='bbox 590 864 637 929; x_wconf 72' lang='lat' dir='ltr'><strong><em>Cu.</em></strong></span> <span class='ocrx_word' id='word_1_24' title='bbox 652 855 740 942; x_wconf 69' lang='lat'><strong><em>5²2²</em></strong></span> <span class='ocrx_word' id='word_1_25' title='bbox 764 862 846 936; x_wconf 77' lang='lat' dir='ltr'><strong><em>lotape</em></strong></span> <span class='ocrx_word' id='word_1_26' title='bbox 866 859 926 917; x_wconf 80' lang='lat' dir='ltr'><strong><em>olio</em></strong></span> <span class='ocrx_word' id='word_1_27' title='bbox 946 860 1013 917; x_wconf 83' lang='lat' dir='ltr'><strong><em>milri</em></strong></span> <span class='ocrx_word' id='word_1_28' title='bbox 1033 876 1111 916; x_wconf 86' lang='lat' dir='ltr'><strong><em>meas</em></strong></span> <span class='ocrx_word' id='word_1_29' title='bbox 1133 853 1195 945; x_wconf 83' lang='lat' dir='ltr'><strong><em>ert]</em></strong></span> <span class='ocrx_word' id='word_1_30' title='bbox 1210 864 1259 921; x_wconf 87' lang='lat' dir='ltr'><strong><em>ubi</em></strong></span> 
     </span>
     <span class='ocr_line' id='line_1_5' title="bbox 174 966 1259 1047; baseline -0.009 -17"><span class='ocrx_word' id='word_1_31' title='bbox 174 975 280 1047; x_wconf 87' lang='lat' dir='ltr'><strong><em>legitur</em></strong></span> <span class='ocrx_word' id='word_1_32' title='bbox 293 975 322 1030; x_wconf 91' lang='lat' dir='ltr'><strong><em>in</em></strong></span> <span class='ocrx_word' id='word_1_33' title='bbox 336 974 478 1030; x_wconf 77' lang='lat' dir='ltr'><strong>nonnullis</strong></span> <span class='ocrx_word' id='word_1_34' title='bbox 493 969 596 1027; x_wconf 83' lang='lat' dir='ltr'><strong><em>alieno.</em></strong></span> <span class='ocrx_word' id='word_1_35' title='bbox 614 999 653 1016; x_wconf 88' lang='lat'>-</span> <span class='ocrx_word' id='word_1_36' title='bbox 669 969 698 1047; x_wconf 65' lang='grc' dir='ltr'><strong><em>ξ.</em></strong></span> <span class='ocrx_word' id='word_1_37' title='bbox 715 971 745 1026; x_wconf 88' lang='grc'><strong><em>4.</em></strong></span> <span class='ocrx_word' id='word_1_38' title='bbox 761 988 812 1042; x_wconf 91' lang='lat' dir='ltr'><strong><em>pro</em></strong></span> <span class='ocrx_word' id='word_1_39' title='bbox 828 966 919 1023; x_wconf 83' lang='lat' dir='ltr'><strong><em>eremit</em></strong></span> <span class='ocrx_word' id='word_1_40' title='bbox 932 969 962 1024; x_wconf 92' lang='lat' dir='ltr'><strong><em>in</em></strong></span> <span class='ocrx_word' id='word_1_41' title='bbox 978 967 1016 1024; x_wconf 99' lang='grc'><strong><em>11</em></strong></span> <span class='ocrx_word' id='word_1_42' title='bbox 1032 967 1052 1024; x_wconf 92' lang='grc'><strong><em>1.</em></strong></span> <span class='ocrx_word' id='word_1_43' title='bbox 1068 966 1200 1023; x_wconf 76' lang='lat' dir='ltr'><strong><em>evomerit.</em></strong></span> <span class='ocrx_word' id='word_1_44' title='bbox 1217 997 1259 1010; x_wconf 90' lang='lat'>-</span> 
     </span>
     <span class='ocr_line' id='line_1_6' title="bbox 175 1066 1258 1158; baseline -0.005 -23"><span class='ocrx_word' id='word_1_45' title='bbox 175 1077 204 1155; x_wconf 66' lang='grc' dir='ltr'><strong><em>ξ.</em></strong></span> <span class='ocrx_word' id='word_1_46' title='bbox 221 1077 250 1135; x_wconf 84' lang='grc'><strong><em>5.</em></strong></span> <span class='ocrx_word' id='word_1_47' title='bbox 264 1077 360 1148; x_wconf 85' lang='lat' dir='ltr'><strong><em>pluris</em></strong></span> <span class='ocrx_word' id='word_1_48' title='bbox 372 1067 462 1148; x_wconf 59' lang='lat' dir='ltr'><strong><em>&#39;quum</em></strong></span> <span class='ocrx_word' id='word_1_49' title='bbox 481 1072 620 1146; x_wconf 82' lang='lat' dir='ltr'><strong><em>rempub.</em></strong></span> <span class='ocrx_word' id='word_1_50' title='bbox 635 1066 765 1158; x_wconf 76' lang='lat' dir='ltr'><strong><em>feristis]</em></strong></span> <span class='ocrx_word' id='word_1_51' title='bbox 780 1075 830 1131; x_wconf 89' lang='lat' dir='ltr'><strong><em>ubi</em></strong></span> <span class='ocrx_word' id='word_1_52' title='bbox 844 1074 985 1148; x_wconf 86' lang='lat' dir='ltr'><strong><em>glossema</em></strong></span> <span class='ocrx_word' id='word_1_53' title='bbox 1002 1071 1098 1150; x_wconf 83' lang='lat' dir='ltr'><strong><em>prasii</em></strong></span> <span class='ocrx_word' id='word_1_54' title='bbox 1113 1074 1143 1129; x_wconf 92' lang='lat' dir='ltr'><strong><em>in</em></strong></span> <span class='ocrx_word' id='word_1_55' title='bbox 1158 1071 1176 1129; x_wconf 91' lang='grc'><strong>6</strong></span> <span class='ocrx_word' id='word_1_56' title='bbox 1193 1074 1203 1129; x_wconf 95' lang='lat' dir='ltr'><strong><em>l</em></strong></span> <span class='ocrx_word' id='word_1_57' title='bbox 1227 1075 1258 1131; x_wconf 93' lang='lat'><strong><em>11</em></strong></span> 
     </span>
     <span class='ocr_line' id='line_1_7' title="bbox 175 1178 1259 1258; baseline -0.004 -19"><span class='ocrx_word' id='word_1_58' title='bbox 175 1201 239 1257; x_wconf 89' lang='lat' dir='ltr'><strong><em>gen.</em></strong></span> <span class='ocrx_word' id='word_1_59' title='bbox 262 1188 348 1239; x_wconf 85' lang='lat' dir='ltr'><strong><em>extat</em></strong></span> <span class='ocrx_word' id='word_1_60' title='bbox 370 1215 414 1226; x_wconf 90' lang='lat'>—</span> <span class='ocrx_word' id='word_1_61' title='bbox 436 1179 465 1258; x_wconf 64' lang='grc' dir='ltr'><strong><em>ξ.</em></strong></span> <span class='ocrx_word' id='word_1_62' title='bbox 489 1180 538 1237; x_wconf 84' lang='grc'><strong><em>27.</em></strong></span> <span class='ocrx_word' id='word_1_63' title='bbox 561 1178 753 1234; x_wconf 73' lang='lat' dir='ltr'><strong><em>misereamini</em></strong></span> <span class='ocrx_word' id='word_1_64' title='bbox 772 1194 872 1234; x_wconf 81' lang='lat' dir='ltr'><strong><em>censeo</em></strong></span> <span class='ocrx_word' id='word_1_65' title='bbox 896 1213 934 1223; x_wconf 91' lang='lat'><em>-</em></span> <span class='ocrx_word' id='word_1_66' title='bbox 952 1209 993 1220; x_wconf 92' lang='lat'><em>-</em></span> <span class='ocrx_word' id='word_1_67' title='bbox 1011 1211 1049 1221; x_wconf 93' lang='lat'><em>-</em></span> <span class='ocrx_word' id='word_1_68' title='bbox 1071 1185 1156 1252; x_wconf 81' lang='lat' dir='ltr'><strong><em>atque</em></strong></span> <span class='ocrx_word' id='word_1_69' title='bbox 1176 1179 1259 1235; x_wconf 83' lang='lat' dir='ltr'><strong><em>etiam</em></strong></span> 
     </span>
     <span class='ocr_line' id='line_1_8' title="bbox 149 1276 1257 1368; baseline -0.005 -26"><span class='ocrx_word' id='word_1_70' title='bbox 149 1305 152 1311; x_wconf 92' lang='lat'>·</span> <span class='ocrx_word' id='word_1_71' title='bbox 175 1293 302 1342; x_wconf 80' lang='lat' dir='ltr'><strong><em>armatos</em></strong></span> <span class='ocrx_word' id='word_1_72' title='bbox 323 1276 489 1368; x_wconf 77' lang='lat' dir='ltr'><strong><em>dimittatis]</em></strong></span> <span class='ocrx_word' id='word_1_73' title='bbox 512 1286 631 1342; x_wconf 86' lang='lat' dir='ltr'><strong><em>adnotat</em></strong></span> <span class='ocrx_word' id='word_1_74' title='bbox 643 1283 787 1340; x_wconf 88' lang='lat' dir='ltr'><strong><em>Dietsoh.:</em></strong></span> <span class='ocrx_word' id='word_1_75' title='bbox 804 1284 898 1356; x_wconf 89' lang='lat' dir='ltr'><strong><em>‚Varie</em></strong></span> <span class='ocrx_word' id='word_1_76' title='bbox 918 1285 1071 1342; x_wconf 84' lang='lat' dir='ltr'><strong><em>deteriores</em></strong></span> <span class='ocrx_word' id='word_1_77' title='bbox 1094 1286 1160 1342; x_wconf 90' lang='lat' dir='ltr'>libri</span> <span class='ocrx_word' id='word_1_78' title='bbox 1178 1283 1257 1339; x_wconf 84' lang='lat' dir='ltr'><strong><em>timeo</em></strong></span> 
     </span>
     <span class='ocr_line' id='line_1_9' title="bbox 175 1385 1259 1466; baseline -0.005 -18"><span class='ocrx_word' id='word_1_79' title='bbox 175 1395 221 1451; x_wconf 89' lang='lat' dir='ltr'><strong><em>vel</em></strong></span> <span class='ocrx_word' id='word_1_80' title='bbox 236 1406 339 1447; x_wconf 86' lang='lat' dir='ltr'><strong><em>uereor</em></strong></span> <span class='ocrx_word' id='word_1_81' title='bbox 360 1392 406 1448; x_wconf 89' lang='lat' dir='ltr'><strong><em>vel</em></strong></span> <span class='ocrx_word' id='word_1_82' title='bbox 426 1395 522 1445; x_wconf 83' lang='lat' dir='ltr'><strong><em>eooele</em></strong></span> <span class='ocrx_word' id='word_1_83' title='bbox 543 1390 687 1449; x_wconf 90' lang='lat' dir='ltr'><strong><em>adioiunt‘.</em></strong></span> <span class='ocrx_word' id='word_1_84' title='bbox 706 1420 739 1431; x_wconf 94' lang='lat'><em>-</em></span> <span class='ocrx_word' id='word_1_85' title='bbox 759 1387 821 1466; x_wconf 73' lang='lat' dir='ltr'><strong><em>lug.</em></strong></span> <span class='ocrx_word' id='word_1_86' title='bbox 836 1386 860 1464; x_wconf 83' lang='grc'><strong><em>1,</em></strong></span> <span class='ocrx_word' id='word_1_87' title='bbox 875 1385 894 1451; x_wconf 80' lang='grc'>2</span> <span class='ocrx_word' id='word_1_88' title='bbox 908 1403 997 1460; x_wconf 81' lang='lat' dir='ltr'><strong><em>aequa</em></strong></span> <span class='ocrx_word' id='word_1_89' title='bbox 1010 1389 1101 1446; x_wconf 77' lang='lat' dir='ltr'><strong><em>areius</em></strong></span> <span class='ocrx_word' id='word_1_90' title='bbox 1116 1387 1196 1444; x_wconf 77' lang='lat' dir='ltr'><strong><em>aliud</em></strong></span> <span class='ocrx_word' id='word_1_91' title='bbox 1208 1403 1259 1443; x_wconf 86' lang='lat' dir='ltr'><strong><em>ae-</em></strong></span> 
     </span>
     <span class='ocr_line' id='line_1_10' title="bbox 175 1485 1260 1577; baseline -0.001 -26"><span class='ocrx_word' id='word_1_92' title='bbox 175 1511 228 1568; x_wconf 82' lang='lat' dir='ltr'><strong><em>que</em></strong></span> <span class='ocrx_word' id='word_1_93' title='bbox 239 1491 444 1567; x_wconf 75' lang='lat' dir='ltr'><strong><em>praestabilius</em></strong></span> <span class='ocrx_word' id='word_1_94' title='bbox 459 1485 607 1577; x_wconf 78' lang='lat' dir='ltr'><strong><em>maenius]</em></strong></span> <span class='ocrx_word' id='word_1_95' title='bbox 628 1494 707 1560; x_wconf 85' lang='lat' dir='ltr'><strong><em>Quae</em></strong></span> <span class='ocrx_word' id='word_1_96' title='bbox 723 1496 864 1565; x_wconf 81' lang='lat' dir='ltr'><strong><em>scriptura</em></strong></span> <span class='ocrx_word' id='word_1_97' title='bbox 877 1495 906 1549; x_wconf 91' lang='lat' dir='ltr'><strong><em>in</em></strong></span> <span class='ocrx_word' id='word_1_98' title='bbox 921 1495 1120 1567; x_wconf 72' lang='lat' dir='ltr'><strong><em>antiquissimis</em></strong></span> <span class='ocrx_word' id='word_1_99' title='bbox 1135 1495 1214 1551; x_wconf 90' lang='lat' dir='ltr'><strong><em>libris</em></strong></span> <span class='ocrx_word' id='word_1_100' title='bbox 1231 1500 1260 1552; x_wconf 91' lang='lat' dir='ltr'><strong><em>et</em></strong></span> 
     </span>
     <span class='ocr_line' id='line_1_11' title="bbox 177 1599 1260 1668; baseline -0.002 -9"><span class='ocrx_word' id='word_1_101' title='bbox 177 1599 207 1658; x_wconf 88' lang='lat' dir='ltr'><strong><em>in</em></strong></span> <span class='ocrx_word' id='word_1_102' title='bbox 229 1602 373 1659; x_wconf 88' lang='lat' dir='ltr'><strong><em>veteribus</em></strong></span> <span class='ocrx_word' id='word_1_103' title='bbox 388 1601 455 1656; x_wconf 87' lang='lat' dir='ltr'><strong><em>Rivi</em></strong></span> <span class='ocrx_word' id='word_1_104' title='bbox 469 1604 499 1656; x_wconf 88' lang='lat' dir='ltr'><strong><em>et</em></strong></span> <span class='ocrx_word' id='word_1_105' title='bbox 512 1600 610 1657; x_wconf 88' lang='lat' dir='ltr'><strong><em>Wassi</em></strong></span> <span class='ocrx_word' id='word_1_106' title='bbox 625 1600 794 1656; x_wconf 83' lang='lat' dir='ltr'><strong><em>editionibus</em></strong></span> <span class='ocrx_word' id='word_1_107' title='bbox 815 1604 907 1668; x_wconf 84' lang='lat' dir='ltr'><strong><em>extat,</em></strong></span> <span class='ocrx_word' id='word_1_108' title='bbox 930 1602 981 1655; x_wconf 86' lang='lat' dir='ltr'><strong><em>sed</em></strong></span> <span class='ocrx_word' id='word_1_109' title='bbox 1000 1618 1096 1656; x_wconf 88' lang='lat' dir='ltr'><strong><em>omnes</em></strong></span> <span class='ocrx_word' id='word_1_110' title='bbox 1118 1601 1178 1658; x_wconf 83' lang='lat' dir='ltr'><strong><em>fere</em></strong></span> <span class='ocrx_word' id='word_1_111' title='bbox 1193 1604 1212 1660; x_wconf 88' lang='lat' dir='ltr'><strong><em>l.</em></strong></span> <span class='ocrx_word' id='word_1_112' title='bbox 1228 1603 1260 1657; x_wconf 95' lang='lat' dir='ltr'><strong><em>II</em></strong></span> 
     </span>
     <span class='ocr_line' id='line_1_12' title="bbox 176 1704 1259 1786; baseline -0.001 -23"><span class='ocrx_word' id='word_1_113' title='bbox 176 1726 241 1780; x_wconf 90' lang='lat' dir='ltr'><strong><em>gen.</em></strong></span> <span class='ocrx_word' id='word_1_114' title='bbox 251 1704 379 1786; x_wconf 74' lang='lat' dir='ltr'><strong><em>¹inuenies</em></strong></span> <span class='ocrx_word' id='word_1_115' title='bbox 394 1705 535 1773; x_wconf 75' lang='lat' dir='ltr'><strong><em>exhibent,</em></strong></span> <span class='ocrx_word' id='word_1_116' title='bbox 550 1721 621 1777; x_wconf 87' lang='lat' dir='ltr'><strong><em>quos</em></strong></span> <span class='ocrx_word' id='word_1_117' title='bbox 637 1705 748 1761; x_wconf 76' lang='lat' dir='ltr'><strong><em>(lortius</em></strong></span> <span class='ocrx_word' id='word_1_118' title='bbox 764 1705 898 1765; x_wconf 78' lang='lat' dir='ltr'><strong><em>Gerlach.</em></strong></span> <span class='ocrx_word' id='word_1_119' title='bbox 913 1707 1003 1762; x_wconf 85' lang='lat' dir='ltr'><strong><em>Krita.</em></strong></span> <span class='ocrx_word' id='word_1_120' title='bbox 1020 1711 1163 1762; x_wconf 88' lang='lat' dir='ltr'><strong><em>seountur.</em></strong></span> <span class='ocrx_word' id='word_1_121' title='bbox 1187 1707 1259 1763; x_wconf 80' lang='lat' dir='ltr'><strong><em>Con-</em></strong></span> 
     </span>
     <span class='ocr_line' id='line_1_13' title="bbox 174 1810 1259 1882; baseline 0 -15"><span class='ocrx_word' id='word_1_122' title='bbox 174 1812 329 1868; x_wconf 81' lang='lat' dir='ltr'><strong><em>iunctivum</em></strong></span> <span class='ocrx_word' id='word_1_123' title='bbox 341 1828 409 1867; x_wconf 87' lang='lat' dir='ltr'><strong><em>vero</em></strong></span> <span class='ocrx_word' id='word_1_124' title='bbox 425 1810 471 1867; x_wconf 87' lang='lat' dir='ltr'><strong><em>hio</em></strong></span> <span class='ocrx_word' id='word_1_125' title='bbox 489 1811 577 1866; x_wconf 91' lang='lat' dir='ltr'><strong><em>solum</em></strong></span> <span class='ocrx_word' id='word_1_126' title='bbox 589 1815 686 1882; x_wconf 91' lang='lat' dir='ltr'><strong><em>aptum</em></strong></span> <span class='ocrx_word' id='word_1_127' title='bbox 704 1827 767 1866; x_wconf 87' lang='lat' dir='ltr'><strong><em>esse</em></strong></span> <span class='ocrx_word' id='word_1_128' title='bbox 778 1810 905 1866; x_wconf 86' lang='lat' dir='ltr'><strong><em>Dietsoh.</em></strong></span> <span class='ocrx_word' id='word_1_129' title='bbox 917 1811 946 1866; x_wconf 91' lang='lat' dir='ltr'><strong><em>in</em></strong></span> <span class='ocrx_word' id='word_1_130' title='bbox 957 1813 1001 1867; x_wconf 89' lang='lat' dir='ltr'><strong><em>ed.</em></strong></span> <span class='ocrx_word' id='word_1_131' title='bbox 1014 1811 1079 1867; x_wconf 84' lang='lat' dir='ltr'><strong><em>min</em></strong></span> <span class='ocrx_word' id='word_1_132' title='bbox 1092 1813 1160 1868; x_wconf 88' lang='lat' dir='ltr'><strong><em>satis</em></strong></span> <span class='ocrx_word' id='word_1_133' title='bbox 1177 1830 1259 1869; x_wconf 84' lang='lat' dir='ltr'><strong><em>aueu-</em></strong></span> 
     </span>
     <span class='ocr_line' id='line_1_14' title="bbox 174 1913 1260 1994; baseline -0.004 -22"><span class='ocrx_word' id='word_1_134' title='bbox 174 1922 237 1972; x_wconf 91' lang='lat' dir='ltr'><strong><em>rate</em></strong></span> <span class='ocrx_word' id='word_1_135' title='bbox 252 1916 468 1987; x_wconf 83' lang='lat' dir='ltr'><strong><em>demonstravit,</em></strong></span> <span class='ocrx_word' id='word_1_136' title='bbox 483 1915 561 1986; x_wconf 83' lang='lat' dir='ltr'><strong><em>nisus</em></strong></span> <span class='ocrx_word' id='word_1_137' title='bbox 576 1915 704 1987; x_wconf 86' lang='lat' dir='ltr'><strong><em>Madvigi</em></strong></span> <span class='ocrx_word' id='word_1_138' title='bbox 718 1933 761 1987; x_wconf 85' lang='lat' dir='ltr'><strong><em>gr.</em></strong></span> <span class='ocrx_word' id='word_1_139' title='bbox 777 1916 797 1973; x_wconf 89' lang='grc'><strong><em>1.</em></strong></span> <span class='ocrx_word' id='word_1_140' title='bbox 813 1913 841 1991; x_wconf 66' lang='grc' dir='ltr'>ξ</span> <span class='ocrx_word' id='word_1_141' title='bbox 856 1914 928 1973; x_wconf 85' lang='grc'><strong>370.</strong></span> <span class='ocrx_word' id='word_1_142' title='bbox 940 1949 985 1959; x_wconf 92' lang='grc'>-</span> <span class='ocrx_word' id='word_1_143' title='bbox 995 1913 1036 1980; x_wconf 85' lang='lat' dir='ltr'><strong><em>lu.</em></strong></span> <span class='ocrx_word' id='word_1_144' title='bbox 1048 1913 1112 1994; x_wconf 65' lang='grc' dir='ltr'><em>Μ</em></span> <span class='ocrx_word' id='word_1_145' title='bbox 1130 1915 1211 1972; x_wconf 81' lang='lat' dir='ltr'><strong><em>caius</em></strong></span> <span class='ocrx_word' id='word_1_146' title='bbox 1229 1914 1260 1969; x_wconf 86' lang='lat' dir='ltr'><strong><em>ia</em></strong></span> 
     </span>
     <span class='ocr_line' id='line_1_15' title="bbox 175 2010 1260 2102; baseline 0.002 -27"><span class='ocrx_word' id='word_1_147' title='bbox 175 2019 279 2092; x_wconf 73' lang='lat' dir='ltr'><strong><em>Africo</em></strong></span> <span class='ocrx_word' id='word_1_148' title='bbox 298 2035 427 2092; x_wconf 75' lang='lat' dir='ltr'><strong><em>mappam</em></strong></span> <span class='ocrx_word' id='word_1_149' title='bbox 447 2025 530 2090; x_wconf 79' lang='lat' dir='ltr'><strong><em>atque</em></strong></span> <span class='ocrx_word' id='word_1_150' title='bbox 552 2016 608 2073; x_wconf 85' lang='lat' dir='ltr'><strong><em>late</em></strong></span> <span class='ocrx_word' id='word_1_151' title='bbox 629 2018 769 2089; x_wconf 77' lang='lat' dir='ltr'><strong><em>inperium</em></strong></span> <span class='ocrx_word' id='word_1_152' title='bbox 790 2010 900 2102; x_wconf 83' lang='lat' dir='ltr'><strong><em>voluit]</em></strong></span> <span class='ocrx_word' id='word_1_153' title='bbox 914 2023 1038 2078; x_wconf 88' lang='lat' dir='ltr'><strong><em>Librarii</em></strong></span> <span class='ocrx_word' id='word_1_154' title='bbox 1059 2041 1124 2079; x_wconf 91' lang='lat' dir='ltr'><strong><em>oum</em></strong></span> <span class='ocrx_word' id='word_1_155' title='bbox 1142 2042 1200 2079; x_wconf 90' lang='lat' dir='ltr'><strong><em>non</em></strong></span> <span class='ocrx_word' id='word_1_156' title='bbox 1219 2024 1260 2078; x_wconf 90' lang='lat' dir='ltr'><strong><em>in-</em></strong></span> 
     </span>
     <span class='ocr_line' id='line_1_16' title="bbox 174 2122 1258 2205; baseline 0.002 -23"><span class='ocrx_word' id='word_1_157' title='bbox 174 2128 353 2199; x_wconf 88' lang='lat' dir='ltr'><strong><em>tellegerent,</em></strong></span> <span class='ocrx_word' id='word_1_158' title='bbox 364 2124 534 2182; x_wconf 80' lang='lat' dir='ltr'><strong><em>vocabulum</em></strong></span> <span class='ocrx_word' id='word_1_159' title='bbox 548 2139 677 2196; x_wconf 77' lang='lat' dir='ltr'><strong><em>mapsam</em></strong></span> <span class='ocrx_word' id='word_1_160' title='bbox 690 2124 737 2181; x_wconf 87' lang='lat' dir='ltr'><strong><em>hio</em></strong></span> <span class='ocrx_word' id='word_1_161' title='bbox 752 2125 871 2182; x_wconf 85' lang='lat' dir='ltr'><strong><em>adverbi</em></strong></span> <span class='ocrx_word' id='word_1_162' title='bbox 884 2127 942 2183; x_wconf 83' lang='lat' dir='ltr'><strong><em>vim</em></strong></span> <span class='ocrx_word' id='word_1_163' title='bbox 956 2126 1064 2184; x_wconf 86' lang='lat' dir='ltr'><strong><em>habere</em></strong></span> <span class='ocrx_word' id='word_1_164' title='bbox 1080 2122 1125 2205; x_wconf 89' lang='lat' dir='ltr'><strong><em>(ut</em></strong></span> <span class='ocrx_word' id='word_1_165' title='bbox 1139 2129 1183 2183; x_wconf 90' lang='lat' dir='ltr'><strong><em>Iu.</em></strong></span> <span class='ocrx_word' id='word_1_166' title='bbox 1198 2129 1226 2196; x_wconf 90' lang='lat'><strong><em>1,</em></strong></span> <span class='ocrx_word' id='word_1_167' title='bbox 1239 2125 1258 2184; x_wconf 84' lang='lat'>5</span> 
     </span>
     <span class='ocr_line' id='line_1_17' title="bbox 174 2226 1259 2308; baseline 0.006 -24"><span class='ocrx_word' id='word_1_168' title='bbox 174 2228 340 2302; x_wconf 79' lang='lat' dir='ltr'><strong><em>multamque</em></strong></span> <span class='ocrx_word' id='word_1_169' title='bbox 360 2229 443 2284; x_wconf 85' lang='lat' dir='ltr'><strong><em>etiam</em></strong></span> <span class='ocrx_word' id='word_1_170' title='bbox 460 2226 652 2300; x_wconf 81' lang='lat' dir='ltr'><strong><em>periculosum</em></strong></span> <span class='ocrx_word' id='word_1_171' title='bbox 674 2229 711 2285; x_wconf 89' lang='lat' dir='ltr'><strong><em>of.</em></strong></span> <span class='ocrx_word' id='word_1_172' title='bbox 735 2231 828 2286; x_wconf 80' lang='lat' dir='ltr'><strong><em>Kritz.</em></strong></span> <span class='ocrx_word' id='word_1_173' title='bbox 851 2232 897 2286; x_wconf 91' lang='lat' dir='ltr'><strong><em>ad.</em></strong></span> <span class='ocrx_word' id='word_1_174' title='bbox 920 2251 948 2286; x_wconf 89' lang='lat' dir='ltr'><strong><em>n.</em></strong></span> <span class='ocrx_word' id='word_1_175' title='bbox 969 2227 1003 2308; x_wconf 87' lang='lat'><strong><em>1.)</em></strong></span> <span class='ocrx_word' id='word_1_176' title='bbox 1025 2230 1091 2288; x_wconf 77' lang='lat' dir='ltr'><strong><em>inb</em></strong></span> <span class='ocrx_word' id='word_1_177' title='bbox 1114 2232 1133 2291; x_wconf 88' lang='lat' dir='ltr'><strong><em>l.</em></strong></span> <span class='ocrx_word' id='word_1_178' title='bbox 1149 2233 1179 2288; x_wconf 92' lang='lat' dir='ltr'><strong><em>II</em></strong></span> <span class='ocrx_word' id='word_1_179' title='bbox 1193 2251 1259 2306; x_wconf 87' lang='lat' dir='ltr'><strong><em>gen.</em></strong></span> 
     </span>
     <span class='ocr_line' id='line_1_18' title="bbox 174 2330 1260 2411; baseline 0 -20"><span class='ocrx_word' id='word_1_180' title='bbox 174 2354 226 2408; x_wconf 91' lang='lat' dir='ltr'><strong><em>pro</em></strong></span> <span class='ocrx_word' id='word_1_181' title='bbox 242 2333 297 2390; x_wconf 84' lang='lat' dir='ltr'><strong><em>late</em></strong></span> <span class='ocrx_word' id='word_1_182' title='bbox 311 2337 486 2406; x_wconf 84' lang='lat' dir='ltr'><strong><em>seripserunt</em></strong></span> <span class='ocrx_word' id='word_1_183' title='bbox 506 2331 599 2393; x_wconf 82' lang='lat' dir='ltr'><strong><em>lolam</em></strong></span> <span class='ocrx_word' id='word_1_184' title='bbox 616 2366 658 2378; x_wconf 91' lang='lat'><em>-</em></span> <span class='ocrx_word' id='word_1_185' title='bbox 672 2332 713 2396; x_wconf 80' lang='lat' dir='ltr'><strong><em>lu.</em></strong></span> <span class='ocrx_word' id='word_1_186' title='bbox 730 2332 773 2411; x_wconf 80' lang='lat'><strong><em>19,</em></strong></span> <span class='ocrx_word' id='word_1_187' title='bbox 788 2330 807 2397; x_wconf 78' lang='grc'>2</span> <span class='ocrx_word' id='word_1_188' title='bbox 821 2350 887 2389; x_wconf 83' lang='lat' dir='ltr'><strong><em>aum</em></strong></span> <span class='ocrx_word' id='word_1_189' title='bbox 900 2340 932 2389; x_wconf 84' lang='lat' dir='ltr'><strong><em>at</em></strong></span> <span class='ocrx_word' id='word_1_190' title='bbox 945 2332 1005 2390; x_wconf 79' lang='lat' dir='ltr'><strong><em>ulia</em></strong></span> <span class='ocrx_word' id='word_1_191' title='bbox 1018 2351 1122 2411; x_wconf 73' lang='lat' dir='ltr'><strong><em>mopere</em></strong></span> <span class='ocrx_word' id='word_1_192' title='bbox 1136 2342 1163 2391; x_wconf 85' lang='lat' dir='ltr'><strong><em>et</em></strong></span> <span class='ocrx_word' id='word_1_193' title='bbox 1177 2351 1260 2409; x_wconf 80' lang='lat' dir='ltr'><strong><em>epre-</em></strong></span> 
     </span>
     <span class='ocr_line' id='line_1_19' title="bbox 175 2429 1260 2522; baseline 0.006 -28"><span class='ocrx_word' id='word_1_194' title='bbox 175 2439 224 2510; x_wconf 78' lang='lat' dir='ltr'><strong><em>pio</em></strong></span> <span class='ocrx_word' id='word_1_195' title='bbox 239 2445 288 2494; x_wconf 86' lang='lat' dir='ltr'><strong><em>tua</em></strong></span> <span class='ocrx_word' id='word_1_196' title='bbox 302 2429 444 2522; x_wconf 85' lang='lat' dir='ltr'><strong><em>omittam]</em></strong></span> <span class='ocrx_word' id='word_1_197' title='bbox 459 2441 580 2496; x_wconf 80' lang='lat' dir='ltr'><strong><em>Praeter</em></strong></span> <span class='ocrx_word' id='word_1_198' title='bbox 600 2440 742 2512; x_wconf 83' lang='lat' dir='ltr'><strong><em>glossema</em></strong></span> <span class='ocrx_word' id='word_1_199' title='bbox 756 2438 835 2510; x_wconf 78' lang='lat' dir='ltr'><strong><em>sacto</em></strong></span> <span class='ocrx_word' id='word_1_200' title='bbox 855 2441 885 2496; x_wconf 92' lang='lat' dir='ltr'><strong><em>in</em></strong></span> <span class='ocrx_word' id='word_1_201' title='bbox 905 2443 1046 2499; x_wconf 90' lang='lat' dir='ltr'><strong><em>nonnullis</em></strong></span> <span class='ocrx_word' id='word_1_202' title='bbox 1064 2444 1079 2498; x_wconf 96' lang='lat'>1</span> <span class='ocrx_word' id='word_1_203' title='bbox 1101 2449 1131 2499; x_wconf 90' lang='lat' dir='ltr'><strong><em>et</em></strong></span> <span class='ocrx_word' id='word_1_204' title='bbox 1145 2443 1175 2498; x_wconf 93' lang='lat'><strong><em>11</em></strong></span> <span class='ocrx_word' id='word_1_205' title='bbox 1195 2462 1260 2516; x_wconf 89' lang='lat' dir='ltr'><strong><em>gen.</em></strong></span> 
     </span>
     <span class='ocr_line' id='line_1_20' title="bbox 176 2542 1261 2622; baseline 0 -20"><span class='ocrx_word' id='word_1_206' title='bbox 176 2548 320 2616; x_wconf 86' lang='lat' dir='ltr'><strong><em>additum,</em></strong></span> <span class='ocrx_word' id='word_1_207' title='bbox 335 2548 365 2602; x_wconf 91' lang='lat' dir='ltr'><strong><em>in</em></strong></span> <span class='ocrx_word' id='word_1_208' title='bbox 380 2544 398 2603; x_wconf 88' lang='grc'>9</span> <span class='ocrx_word' id='word_1_209' title='bbox 414 2545 585 2602; x_wconf 78' lang='lat' dir='ltr'><strong><em>vocabulum</em></strong></span> <span class='ocrx_word' id='word_1_210' title='bbox 606 2543 741 2616; x_wconf 71' lang='lat' dir='ltr'><strong><em>sumsero</em></strong></span> <span class='ocrx_word' id='word_1_211' title='bbox 761 2546 889 2618; x_wconf 86' lang='lat' dir='ltr'><strong><em>legimus.</em></strong></span> <span class='ocrx_word' id='word_1_212' title='bbox 912 2577 954 2589; x_wconf 92' lang='grc'>-</span> <span class='ocrx_word' id='word_1_213' title='bbox 974 2542 1046 2610; x_wconf 78' lang='grc' dir='ltr'><strong><em>11)Ιὼ</em></strong></span> <span class='ocrx_word' id='word_1_214' title='bbox 1062 2547 1098 2602; x_wconf 85' lang='lat' dir='ltr'><strong><em>-ia</em></strong></span> <span class='ocrx_word' id='word_1_215' title='bbox 1119 2545 1261 2622; x_wconf 82' lang='lat' dir='ltr'><strong><em>Hispania</em></strong></span> 
     </span>
     <span class='ocr_line' id='line_1_21' title="bbox 176 2639 1262 2732; baseline 0.004 -27"><span class='ocrx_word' id='word_1_216' title='bbox 176 2665 276 2705; x_wconf 81' lang='lat' dir='ltr'><strong><em>mamm</em></strong></span> <span class='ocrx_word' id='word_1_217' title='bbox 295 2649 422 2722; x_wconf 74' lang='lat' dir='ltr'><strong><em>[omiliae</em></strong></span> <span class='ocrx_word' id='word_1_218' title='bbox 444 2639 628 2732; x_wconf 81' lang='lat' dir='ltr'><strong><em>remoratum]</em></strong></span> <span class='ocrx_word' id='word_1_219' title='bbox 649 2651 790 2723; x_wconf 82' lang='lat' dir='ltr'><strong><em>glossema</em></strong></span> <span class='ocrx_word' id='word_1_220' title='bbox 811 2655 942 2720; x_wconf 81' lang='lat' dir='ltr'><strong><em>,nostrae‘</em></strong></span> <span class='ocrx_word' id='word_1_221' title='bbox 960 2652 990 2708; x_wconf 90' lang='lat' dir='ltr'><strong><em>in</em></strong></span> <span class='ocrx_word' id='word_1_222' title='bbox 1007 2650 1081 2709; x_wconf 86' lang='lat'>141.</span> <span class='ocrx_word' id='word_1_223' title='bbox 1096 2653 1206 2727; x_wconf 84' lang='lat' dir='ltr'><strong><em>IIgen.</em></strong></span> <span class='ocrx_word' id='word_1_224' title='bbox 1222 2655 1262 2710; x_wconf 90' lang='lat' dir='ltr'><strong><em>in-</em></strong></span> 
     </span>
     <span class='ocr_line' id='line_1_22' title="bbox 176 2747 1263 2839; baseline -0.001 -26"><span class='ocrx_word' id='word_1_225' title='bbox 176 2757 300 2814; x_wconf 87' lang='lat' dir='ltr'><strong><em>venitur.</em></strong></span> <span class='ocrx_word' id='word_1_226' title='bbox 319 2786 355 2799; x_wconf 94' lang='lat'>-</span> <span class='ocrx_word' id='word_1_227' title='bbox 373 2754 415 2819; x_wconf 83' lang='lat' dir='ltr'><strong><em>lu.</em></strong></span> <span class='ocrx_word' id='word_1_228' title='bbox 429 2750 505 2830; x_wconf 66' lang='lat'><strong><em>¹²⁹5</em></strong></span> <span class='ocrx_word' id='word_1_229' title='bbox 521 2752 666 2809; x_wconf 81' lang='lat' dir='ltr'><strong><em>occultares</em></strong></span> <span class='ocrx_word' id='word_1_230' title='bbox 681 2754 756 2819; x_wconf 80' lang='lat' dir='ltr'><strong><em>seia</em></strong></span> <span class='ocrx_word' id='word_1_231' title='bbox 771 2755 887 2827; x_wconf 80' lang='lat' dir='ltr'><strong><em>lupario</em></strong></span> <span class='ocrx_word' id='word_1_232' title='bbox 902 2754 1031 2811; x_wconf 84' lang='lat' dir='ltr'><strong><em>mulieris</em></strong></span> <span class='ocrx_word' id='word_1_233' title='bbox 1045 2747 1187 2839; x_wconf 79' lang='lat' dir='ltr'><strong><em>arcillos]</em></strong></span> <span class='ocrx_word' id='word_1_234' title='bbox 1199 2757 1263 2824; x_wconf 83' lang='lat' dir='ltr'><strong><em>Qua</em></strong></span> 
     </span>
     <span class='ocr_line' id='line_1_23' title="bbox 176 2859 1262 2936; baseline 0 -18"><span class='ocrx_word' id='word_1_235' title='bbox 176 2878 274 2920; x_wconf 81' lang='lat' dir='ltr'><strong><em>serere</em></strong></span> <span class='ocrx_word' id='word_1_236' title='bbox 291 2863 337 2919; x_wconf 91' lang='lat' dir='ltr'><strong><em>bio</em></strong></span> <span class='ocrx_word' id='word_1_237' title='bbox 353 2880 411 2918; x_wconf 89' lang='lat' dir='ltr'><strong><em>non</em></strong></span> <span class='ocrx_word' id='word_1_238' title='bbox 425 2878 574 2933; x_wconf 88' lang='lat' dir='ltr'><strong><em>possumus</em></strong></span> <span class='ocrx_word' id='word_1_239' title='bbox 592 2861 765 2932; x_wconf 75' lang='lat' dir='ltr'><strong><em>praepositio</em></strong></span> <span class='ocrx_word' id='word_1_240' title='bbox 781 2859 830 2927; x_wconf 81' lang='lat' dir='ltr'><strong><em>‚im‘</em></strong></span> <span class='ocrx_word' id='word_1_241' title='bbox 846 2861 901 2917; x_wconf 89' lang='lat' dir='ltr'><strong><em>etsi</em></strong></span> <span class='ocrx_word' id='word_1_242' title='bbox 915 2866 1025 2918; x_wconf 88' lang='lat' dir='ltr'><strong><em>tantum</em></strong></span> <span class='ocrx_word' id='word_1_243' title='bbox 1039 2863 1069 2918; x_wconf 88' lang='lat' dir='ltr'><strong><em>in</em></strong></span> <span class='ocrx_word' id='word_1_244' title='bbox 1084 2861 1102 2920; x_wconf 87' lang='grc'><strong>9</strong></span> <span class='ocrx_word' id='word_1_245' title='bbox 1118 2863 1137 2918; x_wconf 90' lang='grc'><strong><em>1.</em></strong></span> <span class='ocrx_word' id='word_1_246' title='bbox 1153 2863 1183 2918; x_wconf 92' lang='lat'><strong><em>11</em></strong></span> <span class='ocrx_word' id='word_1_247' title='bbox 1197 2881 1262 2936; x_wconf 87' lang='lat' dir='ltr'><strong><em>gen.</em></strong></span> 
     </span>
     <span class='ocr_line' id='line_1_24' title="bbox 177 2961 1262 3044; baseline 0.001 -21"><span class='ocrx_word' id='word_1_248' title='bbox 177 2961 220 3043; x_wconf 88' lang='lat' dir='ltr'><strong><em>(et</em></strong></span> <span class='ocrx_word' id='word_1_249' title='bbox 233 2967 263 3022; x_wconf 89' lang='lat' dir='ltr'><strong><em>in</em></strong></span> <span class='ocrx_word' id='word_1_250' title='bbox 277 2961 335 3044; x_wconf 71' lang='grc' dir='ltr'><strong><em>Μ’)</em></strong></span> <span class='ocrx_word' id='word_1_251' title='bbox 356 2970 449 3038; x_wconf 82' lang='lat' dir='ltr'><strong><em>extat,</em></strong></span> <span class='ocrx_word' id='word_1_252' title='bbox 470 2970 567 3022; x_wconf 89' lang='lat' dir='ltr'><strong><em>tamen</em></strong></span> <span class='ocrx_word' id='word_1_253' title='bbox 580 2984 638 3021; x_wconf 90' lang='lat' dir='ltr'><strong><em>non</em></strong></span> <span class='ocrx_word' id='word_1_254' title='bbox 651 2966 785 3022; x_wconf 89' lang='lat' dir='ltr'><strong><em>maiorem</em></strong></span> <span class='ocrx_word' id='word_1_255' title='bbox 799 2967 1004 3038; x_wconf 79' lang='lat' dir='ltr'><strong><em>praestantiam</em></strong></span> <span class='ocrx_word' id='word_1_256' title='bbox 1020 2971 1050 3024; x_wconf 87' lang='lat' dir='ltr'><strong><em>et</em></strong></span> <span class='ocrx_word' id='word_1_257' title='bbox 1064 2969 1262 3024; x_wconf 79' lang='lat' dir='ltr'><strong><em>auctoritatem</em></strong></span> 
     </span>
     <span class='ocr_line' id='line_1_25' title="bbox 175 3071 1263 3145; baseline 0.003 -19"><span class='ocrx_word' id='word_1_258' title='bbox 175 3071 220 3126; x_wconf 88' lang='lat' dir='ltr'><strong><em>bis</em></strong></span> <span class='ocrx_word' id='word_1_259' title='bbox 233 3072 313 3129; x_wconf 90' lang='lat' dir='ltr'><strong><em>libris</em></strong></span> <span class='ocrx_word' id='word_1_260' title='bbox 327 3076 426 3145; x_wconf 83' lang='lat' dir='ltr'><strong><em>parat,</em></strong></span> <span class='ocrx_word' id='word_1_261' title='bbox 447 3072 498 3128; x_wconf 85' lang='lat' dir='ltr'><strong><em>sed</em></strong></span> <span class='ocrx_word' id='word_1_262' title='bbox 512 3071 606 3142; x_wconf 89' lang='lat' dir='ltr'><strong><em>potius</em></strong></span> <span class='ocrx_word' id='word_1_263' title='bbox 630 3071 752 3127; x_wconf 88' lang='lat' dir='ltr'><strong><em>aeumini</em></strong></span> <span class='ocrx_word' id='word_1_264' title='bbox 774 3073 857 3127; x_wconf 89' lang='lat' dir='ltr'><strong><em>unius</em></strong></span> <span class='ocrx_word' id='word_1_265' title='bbox 879 3075 909 3128; x_wconf 91' lang='lat' dir='ltr'><strong><em>et</em></strong></span> <span class='ocrx_word' id='word_1_266' title='bbox 928 3073 1045 3129; x_wconf 82' lang='lat' dir='ltr'><strong><em>alterius</em></strong></span> <span class='ocrx_word' id='word_1_267' title='bbox 1066 3073 1165 3129; x_wconf 85' lang='lat' dir='ltr'><strong><em>librari</em></strong></span> <span class='ocrx_word' id='word_1_268' title='bbox 1186 3073 1263 3129; x_wconf 80' lang='lat' dir='ltr'><strong><em>attai-</em></strong></span> 
     </span>
     <span class='ocr_line' id='line_1_26' title="bbox 175 3176 1263 3250; baseline 0.001 -17"><span class='ocrx_word' id='word_1_269' title='bbox 175 3176 289 3234; x_wconf 88' lang='lat' dir='ltr'><strong><em>buenda</em></strong></span> <span class='ocrx_word' id='word_1_270' title='bbox 304 3183 356 3246; x_wconf 87' lang='lat' dir='ltr'><strong><em>est,</em></strong></span> <span class='ocrx_word' id='word_1_271' title='bbox 372 3177 420 3250; x_wconf 90' lang='lat' dir='ltr'><strong><em>qui</em></strong></span> <span class='ocrx_word' id='word_1_272' title='bbox 433 3176 556 3233; x_wconf 82' lang='lat' dir='ltr'><strong><em>fortasse</em></strong></span> <span class='ocrx_word' id='word_1_273' title='bbox 575 3176 699 3232; x_wconf 80' lang='lat' dir='ltr'><strong><em>insolens</em></strong></span> <span class='ocrx_word' id='word_1_274' title='bbox 720 3177 857 3232; x_wconf 88' lang='lat' dir='ltr'><strong><em>rationem</em></strong></span> <span class='ocrx_word' id='word_1_275' title='bbox 878 3177 993 3250; x_wconf 85' lang='lat' dir='ltr'><strong><em>linguae</em></strong></span> <span class='ocrx_word' id='word_1_276' title='bbox 1015 3181 1044 3233; x_wconf 89' lang='lat' dir='ltr'><strong><em>et</em></strong></span> <span class='ocrx_word' id='word_1_277' title='bbox 1065 3179 1263 3250; x_wconf 80' lang='lat' dir='ltr'><strong><em>grammatices</em></strong></span> 
     </span>
     <span class='ocr_line' id='line_1_27' title="bbox 176 3281 1264 3366; baseline -0.002 -26"><span class='ocrx_word' id='word_1_278' title='bbox 176 3289 328 3341; x_wconf 86' lang='lat' dir='ltr'><strong><em>servasset.</em></strong></span> <span class='ocrx_word' id='word_1_279' title='bbox 359 3282 450 3353; x_wconf 90' lang='lat' dir='ltr'><strong><em>Saepe</em></strong></span> <span class='ocrx_word' id='word_1_280' title='bbox 461 3299 529 3338; x_wconf 89' lang='lat' dir='ltr'><strong><em>vero</em></strong></span> <span class='ocrx_word' id='word_1_281' title='bbox 545 3282 593 3354; x_wconf 93' lang='lat' dir='ltr'><strong><em>qui</em></strong></span> <span class='ocrx_word' id='word_1_282' title='bbox 607 3281 637 3336; x_wconf 90' lang='lat' dir='ltr'><strong><em>in</em></strong></span> <span class='ocrx_word' id='word_1_283' title='bbox 650 3281 738 3338; x_wconf 88' lang='lat' dir='ltr'><strong><em>libros</em></strong></span> <span class='ocrx_word' id='word_1_284' title='bbox 750 3282 817 3338; x_wconf 83' lang='lat' dir='ltr'><strong><em>Sall.</em></strong></span> <span class='ocrx_word' id='word_1_285' title='bbox 828 3282 1054 3366; x_wconf 75' lang='lat' dir='ltr'><strong><em>praepositiones</em></strong></span> <span class='ocrx_word' id='word_1_286' title='bbox 1067 3282 1264 3339; x_wconf 88' lang='lat' dir='ltr'><strong><em>immiseebant</em></strong></span> 
     </span>
     <span class='ocr_line' id='line_1_28' title="bbox 176 3386 1263 3460; baseline -0.001 -15"><span class='ocrx_word' id='word_1_287' title='bbox 176 3406 300 3445; x_wconf 88' lang='lat' dir='ltr'><strong><em>summae</em></strong></span> <span class='ocrx_word' id='word_1_288' title='bbox 320 3387 516 3460; x_wconf 85' lang='lat' dir='ltr'><strong><em>perversitatis</em></strong></span> <span class='ocrx_word' id='word_1_289' title='bbox 531 3391 560 3441; x_wconf 90' lang='lat' dir='ltr'><strong><em>et</em></strong></span> <span class='ocrx_word' id='word_1_290' title='bbox 572 3386 705 3442; x_wconf 78' lang='lat' dir='ltr'><strong><em>licentiae</em></strong></span> <span class='ocrx_word' id='word_1_291' title='bbox 721 3387 827 3446; x_wconf 87' lang='lat' dir='ltr'><strong><em>orimen</em></strong></span> <span class='ocrx_word' id='word_1_292' title='bbox 840 3387 870 3441; x_wconf 93' lang='lat' dir='ltr'><strong><em>in</em></strong></span> <span class='ocrx_word' id='word_1_293' title='bbox 884 3404 916 3442; x_wconf 88' lang='lat' dir='ltr'><strong><em>ss</em></strong></span> <span class='ocrx_word' id='word_1_294' title='bbox 931 3386 1121 3454; x_wconf 83' lang='lat' dir='ltr'><strong><em>admiserunt,</em></strong></span> <span class='ocrx_word' id='word_1_295' title='bbox 1140 3393 1174 3442; x_wconf 92' lang='lat' dir='ltr'><strong><em>ut</em></strong></span> <span class='ocrx_word' id='word_1_296' title='bbox 1187 3388 1263 3444; x_wconf 87' lang='lat' dir='ltr'><strong><em>vide·</em></strong></span> 
     </span>
     <span class='ocr_line' id='line_1_29' title="bbox 175 3489 1263 3564; baseline -0.002 -14"><span class='ocrx_word' id='word_1_297' title='bbox 175 3512 237 3550; x_wconf 88' lang='lat' dir='ltr'><strong><em>mus</em></strong></span> <span class='ocrx_word' id='word_1_298' title='bbox 259 3495 290 3549; x_wconf 91' lang='lat' dir='ltr'><strong><em>in</em></strong></span> <span class='ocrx_word' id='word_1_299' title='bbox 304 3493 354 3549; x_wconf 82' lang='lat' dir='ltr'><strong><em>Oa.</em></strong></span> <span class='ocrx_word' id='word_1_300' title='bbox 373 3491 407 3561; x_wconf 82' lang='lat'><strong><em>2,</em></strong></span> <span class='ocrx_word' id='word_1_301' title='bbox 424 3491 440 3548; x_wconf 96' lang='lat'>1</span> <span class='ocrx_word' id='word_1_302' title='bbox 466 3490 507 3559; x_wconf 83' lang='lat' dir='ltr'><strong><em>‚io</em></strong></span> <span class='ocrx_word' id='word_1_303' title='bbox 521 3492 621 3548; x_wconf 84' lang='lat' dir='ltr'><strong><em>initio‘.</em></strong></span> <span class='ocrx_word' id='word_1_304' title='bbox 636 3521 680 3532; x_wconf 90' lang='lat'>—</span> <span class='ocrx_word' id='word_1_305' title='bbox 694 3490 743 3547; x_wconf 82' lang='lat' dir='ltr'><strong><em>Ca.</em></strong></span> <span class='ocrx_word' id='word_1_306' title='bbox 760 3489 811 3564; x_wconf 76' lang='lat'><strong><em>23,</em></strong></span> <span class='ocrx_word' id='word_1_307' title='bbox 828 3490 844 3547; x_wconf 94' lang='lat'>1</span> <span class='ocrx_word' id='word_1_308' title='bbox 862 3506 891 3559; x_wconf 83' lang='grc' dir='ltr'><strong><em>,ιι</em></strong></span> <span class='ocrx_word' id='word_1_309' title='bbox 913 3496 1031 3548; x_wconf 86' lang='lat' dir='ltr'><strong><em>senatu‘.</em></strong></span> <span class='ocrx_word' id='word_1_310' title='bbox 1046 3521 1090 3534; x_wconf 94' lang='lat'><em>-</em></span> <span class='ocrx_word' id='word_1_311' title='bbox 1106 3489 1161 3564; x_wconf 79' lang='lat'><strong><em>23,</em></strong></span> <span class='ocrx_word' id='word_1_312' title='bbox 1176 3490 1197 3549; x_wconf 87' lang='lat'>4</span> <span class='ocrx_word' id='word_1_313' title='bbox 1217 3508 1263 3559; x_wconf 75' lang='lat' dir='ltr'><strong><em>‚ee</em></strong></span> 
     </span>
     <span class='ocr_line' id='line_1_30' title="bbox 175 3591 1263 3670; baseline -0.001 -16"><span class='ocrx_word' id='word_1_314' title='bbox 175 3598 344 3656; x_wconf 87' lang='lat' dir='ltr'><strong><em>insolentia‘.</em></strong></span> <span class='ocrx_word' id='word_1_315' title='bbox 364 3627 396 3638; x_wconf 88' lang='lat'><strong><em>-</em></strong></span> <span class='ocrx_word' id='word_1_316' title='bbox 419 3596 470 3664; x_wconf 82' lang='lat'><strong><em>38,</em></strong></span> <span class='ocrx_word' id='word_1_317' title='bbox 488 3597 505 3652; x_wconf 79' lang='lat'><strong>2</strong></span> <span class='ocrx_word' id='word_1_318' title='bbox 524 3591 585 3662; x_wconf 81' lang='lat' dir='ltr'><strong><em>‚aab</em></strong></span> <span class='ocrx_word' id='word_1_319' title='bbox 600 3600 716 3653; x_wconf 86' lang='lat' dir='ltr'><strong><em>senatus</em></strong></span> <span class='ocrx_word' id='word_1_320' title='bbox 736 3596 839 3667; x_wconf 84' lang='lat' dir='ltr'><strong><em>speeie‘</em></strong></span> <span class='ocrx_word' id='word_1_321' title='bbox 853 3597 884 3652; x_wconf 87' lang='lat' dir='ltr'><strong><em>in</em></strong></span> <span class='ocrx_word' id='word_1_322' title='bbox 899 3594 917 3653; x_wconf 87' lang='grc'><strong>9</strong></span> <span class='ocrx_word' id='word_1_323' title='bbox 933 3598 953 3652; x_wconf 91' lang='grc'><strong><em>1.</em></strong></span> <span class='ocrx_word' id='word_1_324' title='bbox 969 3597 999 3652; x_wconf 93' lang='lat'><strong><em>11</em></strong></span> <span class='ocrx_word' id='word_1_325' title='bbox 1014 3614 1078 3670; x_wconf 90' lang='lat' dir='ltr'><strong><em>gen.</em></strong></span> <span class='ocrx_word' id='word_1_326' title='bbox 1093 3627 1138 3640; x_wconf 92' lang='lat'>-</span> <span class='ocrx_word' id='word_1_327' title='bbox 1151 3597 1195 3653; x_wconf 91' lang='grc' dir='ltr'>Ιιι.</span> <span class='ocrx_word' id='word_1_328' title='bbox 1213 3596 1263 3668; x_wconf 84' lang='grc'><strong><em>28,</em></strong></span> 
     </span>
     <span class='ocr_line' id='line_1_31' title="bbox 178 3698 1264 3774; baseline -0.002 -14"><span class='ocrx_word' id='word_1_329' title='bbox 178 3703 196 3760; x_wconf 88' lang='grc'><strong>6</strong></span> <span class='ocrx_word' id='word_1_330' title='bbox 214 3702 253 3771; x_wconf 84' lang='lat' dir='ltr'><strong><em>‚ia</em></strong></span> <span class='ocrx_word' id='word_1_331' title='bbox 268 3702 411 3760; x_wconf 85' lang='lat' dir='ltr'><strong><em>Sieiliam‘.</em></strong></span> <span class='ocrx_word' id='word_1_332' title='bbox 422 3731 466 3744; x_wconf 85' lang='lat'><em>-</em></span> <span class='ocrx_word' id='word_1_333' title='bbox 479 3701 529 3773; x_wconf 78' lang='lat'><strong><em>37,</em></strong></span> <span class='ocrx_word' id='word_1_334' title='bbox 545 3700 566 3758; x_wconf 86' lang='lat'>4</span> <span class='ocrx_word' id='word_1_335' title='bbox 581 3715 628 3768; x_wconf 80' lang='lat' dir='ltr'><strong><em>,er</em></strong></span> <span class='ocrx_word' id='word_1_336' title='bbox 643 3701 782 3758; x_wconf 88' lang='lat' dir='ltr'><strong><em>saevitia‘.</em></strong></span> <span class='ocrx_word' id='word_1_337' title='bbox 797 3729 836 3742; x_wconf 92' lang='lat'><em>-</em></span> <span class='ocrx_word' id='word_1_338' title='bbox 850 3698 901 3773; x_wconf 90' lang='grc'><strong><em>63,</em></strong></span> <span class='ocrx_word' id='word_1_339' title='bbox 917 3698 935 3758; x_wconf 90' lang='lat'><strong>3</strong></span> <span class='ocrx_word' id='word_1_340' title='bbox 951 3707 990 3769; x_wconf 91' lang='lat' dir='ltr'><strong><em>,et</em></strong></span> <span class='ocrx_word' id='word_1_341' title='bbox 1001 3715 1057 3771; x_wconf 84' lang='lat' dir='ltr'><strong><em>per</em></strong></span> <span class='ocrx_word' id='word_1_342' title='bbox 1070 3719 1181 3758; x_wconf 88' lang='lat' dir='ltr'><strong><em>omnem</em></strong></span> <span class='ocrx_word' id='word_1_343' title='bbox 1196 3720 1264 3774; x_wconf 88' lang='lat' dir='ltr'><strong><em>pue-</em></strong></span> 
     </span>
     <span class='ocr_line' id='line_1_32' title="bbox 176 3805 1265 3880; baseline -0.001 -16"><span class='ocrx_word' id='word_1_344' title='bbox 176 3809 278 3864; x_wconf 90' lang='lat' dir='ltr'><strong><em>ritiam‘</em></strong></span> <span class='ocrx_word' id='word_1_345' title='bbox 300 3810 331 3864; x_wconf 90' lang='lat' dir='ltr'><strong><em>in</em></strong></span> <span class='ocrx_word' id='word_1_346' title='bbox 348 3807 385 3864; x_wconf 93' lang='lat'><strong><em>11</em></strong></span> <span class='ocrx_word' id='word_1_347' title='bbox 402 3809 422 3867; x_wconf 90' lang='lat'><strong><em>1.</em></strong></span> <span class='ocrx_word' id='word_1_348' title='bbox 438 3808 548 3880; x_wconf 78' lang='lat' dir='ltr'><strong><em>ngen.</em></strong></span> <span class='ocrx_word' id='word_1_349' title='bbox 566 3838 603 3849; x_wconf 92' lang='lat'><em>-</em></span> <span class='ocrx_word' id='word_1_350' title='bbox 623 3805 675 3874; x_wconf 88' lang='lat'><strong><em>91,</em></strong></span> <span class='ocrx_word' id='word_1_351' title='bbox 691 3805 710 3862; x_wconf 89' lang='lat'><strong>3</strong></span> <span class='ocrx_word' id='word_1_352' title='bbox 727 3819 791 3876; x_wconf 85' lang='lat' dir='ltr'><strong><em>,per</em></strong></span> <span class='ocrx_word' id='word_1_353' title='bbox 805 3823 915 3862; x_wconf 88' lang='lat' dir='ltr'><strong><em>omnem</em></strong></span> <span class='ocrx_word' id='word_1_354' title='bbox 929 3810 1059 3863; x_wconf 87' lang='lat' dir='ltr'><strong><em>noetem‘.</em></strong></span> <span class='ocrx_word' id='word_1_355' title='bbox 1077 3837 1115 3848; x_wconf 93' lang='lat'><strong><em>-·</em></strong></span> <span class='ocrx_word' id='word_1_356' title='bbox 1131 3806 1265 3864; x_wconf 84' lang='lat' dir='ltr'><strong><em>Similiter</em></strong></span> 
     </span>
     <span class='ocr_line' id='line_1_33' title="bbox 175 3911 1263 3985; baseline -0.003 -14"><span class='ocrx_word' id='word_1_357' title='bbox 175 3932 245 3972; x_wconf 82' lang='lat' dir='ltr'><strong><em>vero</em></strong></span> <span class='ocrx_word' id='word_1_358' title='bbox 259 3914 367 3971; x_wconf 89' lang='lat' dir='ltr'><strong><em>Donati</em></strong></span> <span class='ocrx_word' id='word_1_359' title='bbox 383 3930 494 3985; x_wconf 89' lang='lat' dir='ltr'><strong><em>quoquo</em></strong></span> <span class='ocrx_word' id='word_1_360' title='bbox 517 3913 629 3968; x_wconf 86' lang='lat' dir='ltr'><strong><em>oodiees</em></strong></span> <span class='ocrx_word' id='word_1_361' title='bbox 645 3912 761 3968; x_wconf 86' lang='lat' dir='ltr'><strong><em>arbitrio</em></strong></span> <span class='ocrx_word' id='word_1_362' title='bbox 783 3911 960 3970; x_wconf 90' lang='lat' dir='ltr'><strong><em>librariorum</em></strong></span> <span class='ocrx_word' id='word_1_363' title='bbox 978 3912 1109 3968; x_wconf 89' lang='lat' dir='ltr'><strong><em>laborare</em></strong></span> <span class='ocrx_word' id='word_1_364' title='bbox 1123 3913 1263 3980; x_wconf 82' lang='lat' dir='ltr'><strong><em>videntur,</em></strong></span> 
     </span>
     <span class='ocr_line' id='line_1_34' title="bbox 177 4015 1265 4090; baseline -0.002 -15"><span class='ocrx_word' id='word_1_365' title='bbox 177 4037 241 4076; x_wconf 89' lang='lat' dir='ltr'><strong><em>oum</em></strong></span> <span class='ocrx_word' id='word_1_366' title='bbox 256 4020 346 4074; x_wconf 84' lang='lat' dir='ltr'><strong><em>altero</em></strong></span> <span class='ocrx_word' id='word_1_367' title='bbox 361 4019 424 4075; x_wconf 84' lang='lat' dir='ltr'><strong><em>loeo</em></strong></span> <span class='ocrx_word' id='word_1_368' title='bbox 439 4036 495 4090; x_wconf 90' lang='lat' dir='ltr'><strong><em>quo</em></strong></span> <span class='ocrx_word' id='word_1_369' title='bbox 509 4017 599 4074; x_wconf 88' lang='lat' dir='ltr'><strong><em>verba</em></strong></span> <span class='ocrx_word' id='word_1_370' title='bbox 613 4015 769 4085; x_wconf 80' lang='lat' dir='ltr'><strong><em>‚occultans</em></strong></span> <span class='ocrx_word' id='word_1_371' title='bbox 784 4030 815 4071; x_wconf 79' lang='lat' dir='ltr'><strong><em>se</em></strong></span> <span class='ocrx_word' id='word_1_372' title='bbox 830 4021 893 4073; x_wconf 86' lang='lat' dir='ltr'><strong><em>ete.‘</em></strong></span> <span class='ocrx_word' id='word_1_373' title='bbox 909 4022 1109 4074; x_wconf 78' lang='lat' dir='ltr'><strong><em>commemorat</em></strong></span> <span class='ocrx_word' id='word_1_374' title='bbox 1122 4018 1265 4090; x_wconf 89' lang='lat' dir='ltr'><strong><em>praeposi·</em></strong></span> 
     </span>
     <span class='ocr_line' id='line_1_35' title="bbox 176 4117 1265 4199; baseline -0.004 -20"><span class='ocrx_word' id='word_1_375' title='bbox 176 4125 216 4180; x_wconf 91' lang='lat' dir='ltr'><strong><em>tio</em></strong></span> <span class='ocrx_word' id='word_1_376' title='bbox 231 4124 405 4191; x_wconf 89' lang='lat' dir='ltr'><strong><em>inveniatur,</em></strong></span> <span class='ocrx_word' id='word_1_377' title='bbox 421 4123 504 4180; x_wconf 85' lang='lat' dir='ltr'><strong><em>altori</em></strong></span> <span class='ocrx_word' id='word_1_378' title='bbox 518 4123 599 4181; x_wconf 87' lang='lat' dir='ltr'><strong><em>desit.</em></strong></span> <span class='ocrx_word' id='word_1_379' title='bbox 617 4152 654 4164; x_wconf 89' lang='lat'><em>-</em></span> <span class='ocrx_word' id='word_1_380' title='bbox 671 4120 712 4184; x_wconf 85' lang='lat' dir='ltr'><strong><em>lu.</em></strong></span> <span class='ocrx_word' id='word_1_381' title='bbox 727 4117 772 4199; x_wconf 77' lang='grc'><strong><em>16,</em></strong></span> <span class='ocrx_word' id='word_1_382' title='bbox 788 4119 806 4186; x_wconf 84' lang='grc'>3</span> <span class='ocrx_word' id='word_1_383' title='bbox 819 4120 942 4192; x_wconf 77' lang='lat' dir='ltr'><strong><em>perfecit</em></strong></span> <span class='ocrx_word' id='word_1_384' title='bbox 955 4120 996 4177; x_wconf 83' lang='lat' dir='ltr'><strong><em>ati</em></strong></span> <span class='ocrx_word' id='word_1_385' title='bbox 1009 4119 1103 4192; x_wconf 78' lang='lat' dir='ltr'><strong><em>sumus</em></strong></span> <span class='ocrx_word' id='word_1_386' title='bbox 1116 4119 1190 4193; x_wconf 69' lang='lat' dir='ltr'><strong><em>fide,</em></strong></span> <span class='ocrx_word' id='word_1_387' title='bbox 1210 4135 1265 4192; x_wconf 89' lang='lat' dir='ltr'><strong><em>po-</em></strong></span> 
     </span>
     <span class='ocr_line' id='line_1_36' title="bbox 176 4216 1263 4310; baseline 0.004 -30"><span class='ocrx_word' id='word_1_388' title='bbox 176 4233 280 4282; x_wconf 87' lang='lat' dir='ltr'><strong><em>stremo</em></strong></span> <span class='ocrx_word' id='word_1_389' title='bbox 292 4223 417 4310; x_wconf 79' lang='lat' dir='ltr'><strong><em>ommibus</em></strong></span> <span class='ocrx_word' id='word_1_390' title='bbox 429 4226 490 4282; x_wconf 84' lang='lat' dir='ltr'><strong><em>sais</em></strong></span> <span class='ocrx_word' id='word_1_391' title='bbox 501 4222 588 4282; x_wconf 85' lang='lat' dir='ltr'><strong><em>rebus</em></strong></span> <span class='ocrx_word' id='word_1_392' title='bbox 600 4224 767 4282; x_wconf 77' lang='lat' dir='ltr'><strong><em>commodam</em></strong></span> <span class='ocrx_word' id='word_1_393' title='bbox 779 4226 858 4298; x_wconf 77' lang='lat' dir='ltr'><strong><em>repis</em></strong></span> <span class='ocrx_word' id='word_1_394' title='bbox 873 4216 1051 4309; x_wconf 71' lang='lat' dir='ltr'><strong><em>auteferrel]</em></strong></span> <span class='ocrx_word' id='word_1_395' title='bbox 1066 4228 1123 4284; x_wconf 88' lang='lat' dir='ltr'><strong><em>iarn</em></strong></span> <span class='ocrx_word' id='word_1_396' title='bbox 1139 4228 1176 4284; x_wconf 89' lang='lat' dir='ltr'><strong><em>ab</em></strong></span> <span class='ocrx_word' id='word_1_397' title='bbox 1192 4227 1263 4284; x_wconf 88' lang='lat' dir='ltr'><strong><em>anti·</em></strong></span> 
     </span>
    </p>
   </div>
   <div class='ocr_carea' id='block_1_3' title="bbox 0 0 1516 4922">
    <p class='ocr_par' dir='ltr' id='par_1_3' title="bbox 0 0 1516 4922">
     <span class='ocr_line' id='line_1_37' title="bbox 0 0 1516 4922; baseline 0 0"><span class='ocrx_word' id='word_1_398' title='bbox 0 0 1516 4922; x_wconf 95' lang='lat' dir='ltr'><strong><em> </em></strong></span> 
     </span>
    </p>
   </div>
  </div>
 </body>
</html>
