3020 4922
734 339 945 405 ..15-

297 537 402 592 tionem
417 539 514 606 aptam
529 535 696 607 facilemque
712 536 851 595 admittat.
880 535 1049 607 Saepissime
1065 542 1159 592 autem
1179 534 1333 606 praecipue
1354 534 1387 589 in

299 646 404 700 recent.
420 640 500 697 libris
515 641 665 712 singularis
680 646 710 696 et
724 641 841 710 pluralis
855 658 987 696 numerus
997 640 1147 696 verborum
1161 641 1235 695 inter
1249 657 1279 694 se
1293 642 1386 695 muta·

298 745 420 813 bantur,
443 749 476 799 nt
497 744 548 802 Ca.
571 743 622 812 20,
647 743 806 812 2,fuisset‘
826 746 856 799 in
877 745 916 800 12
932 747 951 801 l.
967 745 997 800 11
1012 763 1077 818 gen.
1101 763 1152 816 pro
1172 744 1323 812 ,fuissent‘.
1342 775 1383 785 —

301 847 350 924 20,
368 847 385 906 9
403 848 534 916 ‚fueritis‘
554 867 606 920 pro
622 848 743 915 ,fueris‘.
758 881 800 893 -
818 847 870 921 23,
886 851 904 906 6
923 851 1099 918 ,credebant‘
1115 855 1144 905 et
1160 848 1326 917 ,credebatt
1341 879 1385 888 -

301 951 351 1021 25,
368 951 386 1009 3
403 952 503 1020 ,fuere‘
519 959 550 1008 et
571 952 658 1021 ,fuiss
675 983 713 994 —
733 954 803 1026 38,3
820 956 988 1022 ,certabant‘
1010 959 1040 1010 et
1061 954 1222 1024 ,certabat‘.
1237 985 1278 995 -
1294 953 1347 1021 47,
1365 953 1387 1010 4

299 1057 440 1126 ,traditur‘
457 1062 487 1113 et
502 1059 683 1125 ,traduntur‘.
702 1088 740 1120 τ-
758 1056 810 1127 48,
829 1058 845 1115 1
863 1059 1042 1132 ,agitabant‘.
1059 1089 1099 1100 -
1115 1060 1160 1118 Iu.
1178 1057 1228 1126 18,
1246 1058 1262 1113 1
1280 1059 1387 1131 ,appel-

297 1162 410 1221 lantur‘.
436 1192 475 1204 -
502 1160 553 1229 79,
575 1160 594 1219 5
617 1163 823 1235 ,cognovimus‘
845 1170 875 1219 et
896 1164 957 1224 sim.
981 1165 999 1225 1.
1023 1194 1062 1205 -
1085 1163 1294 1236 Nonnunquam
1315 1180 1385 1219 vero

299 1267 423 1322 antimum
446 1272 475 1322 at
492 1267 637 1337 passivum
658 1284 807 1338 perperam
828 1269 902 1324 inter
923 1286 953 1324 se
975 1273 1099 1324 mutata:
1115 1267 1166 1327 Ca.
1182 1266 1235 1336 52,
1252 1267 1291 1323 27
1308 1285 1386 1335 ‚con-

298 1376 403 1428 vertat‘
419 1377 448 1426 et
470 1376 685 1438 ,convertatur‘.
701 1403 743 1414 -
758 1374 801 1428 Iu.
818 1370 870 1440 35,
887 1372 906 1429 3
923 1378 1057 1442 ,movere‘
1073 1378 1103 1429 et
1118 1373 1256 1440 ,moveri‘.
1274 1403 1313 1413 -
1330 1370 1384 1439 84,

299 1475 318 1532 3
335 1475 477 1547 ,putabat‘
493 1480 522 1531 et
537 1477 722 1547 ,putabatum
739 1507 778 1519 —-
794 1473 834 1540 lu.
850 1472 899 1554 92,
914 1475 928 1540 1
944 1475 1092 1548 Postquam
1114 1481 1218 1531 tantam
1240 1491 1300 1530 rem
1316 1472 1385 1531 Ma·

299 1579 362 1635 rias
384 1579 446 1635 siae
466 1577 524 1634 ullo
546 1595 662 1634 suoram
684 1579 841 1650 commodo,
864 1597 981 1654 maynus
1000 1586 1027 1635 et
1048 1579 1147 1636 clarus
1163 1612 1201 1624 -
1229 1612 1267 1623 -
1283 1577 1385 1634 baberi

299 1675 410 1767 coepit]
424 1686 549 1742 Verbum
564 1687 707 1742 enunciati
728 1688 887 1742 secundarii
910 1687 970 1743 sine
992 1686 1078 1743 dubio
1100 1687 1207 1742 iamin
1229 1686 1384 1758 archetypo

299 1791 459 1862 quicunque
479 1789 536 1845 fuit
558 1791 691 1846 omissum
712 1797 789 1864 erst3
810 1793 907 1866 itaque
928 1793 957 1847 in
977 1792 1118 1847 nonnullis
1137 1793 1284 1863 antiquiss.
1304 1791 1385 1846 libris

299 1891 341 1972 (in
356 1895 458 1968 quibus
473 1895 577 1952 Nazar.
595 1901 625 1951 et
639 1893 787 1974 Commel.)
802 1898 914 1953 omnino
930 1896 1022 1952 adhuc
1036 1898 1134 1964 deest,
1149 1897 1179 1951 in
1193 1902 1301 1955 recent.
1316 1913 1383 1953 vcro

298 2001 402 2057 lacuna
424 2001 503 2057 vario
523 2002 605 2057 modo
624 2001 720 2057 verbis
738 2001 852 2074 perepit
870 2003 917 2059 vel
936 1999 1025 2072 pessit
1037 2002 1083 2057 vel
1098 1999 1189 2069 effecit
1210 2002 1324 2069 additis,
1339 2019 1385 2058 ex·

298 2106 377 2176 pleta
391 2110 443 2161 est.
474 2105 530 2162 Sed
545 2107 673 2179 quamvis
697 2107 762 2162 libri
776 2125 805 2161 m
820 2107 868 2180 qui
882 2104 973 2175 effecit
986 2106 1033 2161 hic
1051 2106 1165 2162 exhibet
1185 2107 1384 2161 auctoritatem

298 2229 356 2267 non
369 2211 452 2283 parvi
472 2212 674 2267 aestimandam
694 2231 756 2269 esse
777 2213 833 2267 ism
852 2228 938 2282 supra
957 2211 1175 2277 ostenderimus,
1196 2216 1291 2266 tamen
1304 2211 1385 2266 Diet-

300 2316 378 2372 sebio
399 2334 475 2372 nunc
495 2333 558 2372 eum
577 2317 679 2372 librum
694 2322 792 2374 secuto
815 2313 925 2393 (comm.
941 2333 970 2387 p.
988 2312 1042 2392 25)
1064 2316 1206 2372 adsentire
1228 2317 1384 2387 nequimus,

300 2421 405 2493 qnippe
420 2421 466 2476 cui
481 2439 537 2477 non
554 2428 644 2495 esset,
664 2427 696 2477 ut
709 2423 791 2479 nobis
815 2422 927 2494 quidem
947 2421 1076 2488 videtur,
1100 2437 1151 2475 cur
1173 2421 1243 2475 illud
1260 2420 1389 2489 patrarit

301 2527 376 2598 quod
402 2545 436 2582 ex
462 2526 554 2584 Palat.
573 2525 591 2582 2
607 2527 778 2598 recepisset,
801 2526 919 2583 verbum
941 2526 1017 2582 bona
1034 2526 1130 2597 ⁸indole
1150 2531 1179 2582 et
1200 2527 1229 2579 in
1252 2525 1387 2580 eiusmodi

301 2648 409 2687 conexu
425 2649 442 2686 a
458 2632 591 2688 Sallustio
615 2650 703 2704 saepe
726 2633 862 2687 usitatum
885 2627 993 2708 (11th.
1012 2630 1061 2697 18,
1079 2633 1096 2686 8
1114 2631 1225 2686 facinus
1242 2634 1387 2699 patratum

301 2736 337 2791 ci.
362 2735 411 2792 Ca.
437 2734 489 2805 56,
513 2735 544 2797 4.
562 2737 659 2799 —Iu
676 2736 727 2805 70,
745 2738 762 2792 5
783 2737 898 2807 incepta
917 2741 1049 2806 patrare.
1067 2767 1105 2778 -
1122 2735 1166 2792 In.
1183 2733 1235 2801 43,
1252 2732 1272 2789 4
1294 2736 1331 2789 ad
1354 2752 1388 2791 ea

298 2838 453 2910 patranda.
473 2873 505 2882 -
527 2843 571 2901 Iu.
591 2842 642 2910 13,
659 2840 678 2898 5
692 2841 817 2912 patratis
833 2837 970 2917 consiliis)
985 2842 1015 2896 in
1028 2840 1082 2896 hac
1097 2840 1248 2895 manifesta
1262 2840 1388 2897 librario-

300 2963 361 3001 rum
375 2946 491 3001 licentia
513 2964 588 3002 nunc
609 2947 674 3002 huic
690 2945 782 3015 effecit
795 2952 988 3017 postponeret.
1007 2977 1046 2989 -
1062 2942 1102 3007 lu.
1115 2940 1198 3020 922
1219 2943 1312 2998 omnia
1332 2959 1388 2998 aon
1480 2993 1481 3013 ,

301 3046 370 3103 beas
393 3047 520 3104 consalta
541 3049 571 3104 in
591 3050 721 3105 virtutem
744 3040 950 3132 trahebantur]
971 3052 1012 3105 sic
1037 3068 1133 3106 omnes
1156 3051 1176 3107 l.
1197 3050 1211 3104 l
1231 3056 1261 3105 et
1281 3051 1388 3121 pleri-

301 3171 369 3226 que
396 3158 511 3227 atque
540 3155 796 3227 antiquissimi
825 3156 854 3210 lI
884 3172 961 3228 gen.
990 3154 1133 3210 exhibent.
1170 3155 1265 3210 Prima
1294 3161 1387 3210 autem

300 3258 481 3329 interpolatio
504 3260 537 3313 in
556 3260 621 3316 libr.
638 3255 675 3332 p⁵
690 3264 721 3315 et
734 3278 754 3332 g
768 3265 903 3330 apparet,
926 3260 956 3313 in
975 3259 1077 3331 quibus
1094 3258 1197 3327 ,etiam‘
1212 3266 1278 3330 post
1297 3259 1388 3312 omnic
1477 3253 1478 3258 '

300 3363 438 3419 insertum
462 3369 518 3435 est3
540 3365 639 3420 deinde
663 3369 753 3433 ‚aaro‘
775 3365 804 3418 in
820 3383 846 3440 y,
863 3362 964 3432 ,modo‘
980 3365 1010 3418 in
1024 3365 1043 3419 h
1058 3366 1195 3434 additum,
1218 3365 1338 3438 denique
1352 3358 1387 3435 p³
1476 3353 1477 3358 ἵ

300 3460 339 3538 p⁶
354 3462 391 3539 g⁶
406 3469 546 3539 praebent
568 3475 635 3540 post
656 3465 783 3523 comulta
797 3469 887 3526 verba
902 3483 1012 3536 ,oerum
1027 3468 1109 3524 ctiam
1124 3485 1195 3524 casn
1209 3468 1286 3523 dutn‘
1301 3474 1387 3541 atque

301 3565 336 3644 g*
351 3573 389 3626 lr
406 3571 496 3643 ‚modo
517 3587 615 3627 aarum
638 3571 721 3628 etiam
744 3589 814 3628 casa
836 3571 925 3630 dcta‘.
956 3572 1072 3630 Scilicet
1094 3591 1129 3629 ea
1144 3574 1178 3628 in
1197 3591 1228 3629 rs
1250 3573 1312 3628 fieri
1332 3593 1388 3630 non

300 3677 394 3747 potuit
408 3678 477 3749 quin
493 3679 630 3734 editorum
645 3679 680 3734 de
694 3677 738 3733 his
753 3679 848 3735 verbis
870 3679 1028 3735 sententiae
1043 3679 1229 3737 ¹vehementer
1250 3679 1387 3748 discrepa-

300 3785 373 3836 rent.
394 3781 432 3836 Et
443 3782 555 3839 Curtius
570 3784 682 3856 quidem
697 3785 745 3856 qui
760 3784 921 3857 ubicunque
937 3783 1049 3840 occasio
1065 3784 1092 3839 si
1107 3785 1175 3839 dats
1189 3789 1244 3853 est,
1259 3788 1292 3839 ut
1302 3782 1388 3839 Sallu-

301 3885 422 3940 stianam
437 3887 588 3943 dictionem
609 3889 824 3946 circumcideret
844 3907 878 3945 sc
901 3889 1081 3946 contraheret
1095 3888 1276 3945 vehementer
1299 3889 1386 3945 stude-

303 3989 365 4057 bat,
381 3991 494 4046 modum
508 4009 608 4063 parum
629 3995 755 4050 servavit
769 3995 799 4049 in
814 3996 974 4050 adnotando
1001 3995 1168 4065 ,pessime
1195 4000 1231 4050 et
1257 4000 1388 4051 eontra

284 4091 461 4151 'mentem
485 4095 684 4158 Sallustii‘.
715 4099 841 4154 Kritaius
857 4100 947 4168 enim,
969 4117 1129 4172 quanquam
1150 4100 1200 4155 illa
1213 4099 1303 4156 verba
1316 4117 1388 4156 rece-
