3020 4922
717 419 932 481 ..22-

280 618 379 668 teste
401 611 558 683 Servio‘3
581 612 705 683 itemque
729 612 766 666 ad
788 611 830 666 Iu.
858 609 942 682 14‚3
967 609 1018 664 sed
1037 626 1071 664 eu
1094 611 1120 664 si
1142 614 1171 667 in
1193 615 1264 671 libro
1279 616 1304 670 F
1319 617 1368 670 ad-

279 719 490 788 scriptumest:
513 716 717 783 ,Prisciani
746 716 987 771 auctoritate
1016 714 1188 777 secuudum&
1226 718 1288 784 Quo
1303 721 1367 776 loco

278 824 351 878 idem
365 821 536 878 vocabulum
550 818 709 887 secuudum,
725 821 749 876 si
763 821 793 875 in
806 820 878 876 libro
894 815 931 892 g⁴
946 822 1082 893 legimus,
1105 840 1139 877 ex
1159 823 1258 878 eodem
1273 826 1367 894 potius

278 927 424 983 Prisciano
440 943 535 998 quum,
551 927 626 998 quod
641 924 726 980 facile
741 927 803 996 quis
819 925 978 996 suspicatus
993 927 1040 993 sit,
1056 944 1089 981 ex
1104 928 1301 997 antiquissima
1315 931 1368 985 ori-

279 1033 344 1104 gine
359 1031 538 1108 profluxisse,
554 1031 623 1086 satis
638 1029 716 1084 firme
731 1047 783 1084 nos
795 1030 879 1085 docet
894 1031 965 1085 alius
980 1029 1038 1085 hui.
1056 1031 1117 1092 eod.
1133 1026 1170 1104 g⁴
1185 1034 1281 1104 locus3
1302 1051 1368 1089 nam

279 1134 395 1205 eaess,
413 1135 428 1192 1
445 1138 627 1206 pro-senatus
650 1134 763 1190 exhibet
778 1132 886 1201 senati,
908 1135 1020 1190 adiecta
1041 1136 1071 1190 in
1093 1137 1220 1208 margine
1243 1138 1298 1194 huo
1321 1141 1369 1194 ad-

278 1241 559 1308 notationez',omnes
582 1239 708 1296 Sallustii
730 1239 817 1294 libros
838 1239 885 1294 hic
906 1240 1055 1295 mendosos
1076 1257 1155 1308 esee,
1178 1241 1368 1299 Prisciani

278 1347 519 1404 auctoritate
540 1345 632 1400 senati
654 1345 854 1403 scribendum‘.
885 1343 1018 1400 Similiter
1038 1362 1106 1400 vero
1129 1363 1192 1400 cum
1213 1347 1256 1408 Iu.
1281 1347 1366 1418 61‚1

278 1465 357 1521 quae·
373 1446 408 1503 ob
431 1465 462 1504 se
485 1448 650 1518 defecerunt
670 1451 744 1504 iuter
766 1449 829 1507 eod.
852 1454 965 1505 nostros
986 1433 1096 1504 tantum
1118 1451 1148 1505 in
1168 1445 1205 1523 g⁷
1221 1456 1250 1506 et
1265 1447 1303 1524 g⁴
1318 1470 1368 1524 pro

237 1574 240 1580 ·
278 1551 314 1608 ab
336 1568 367 1608 se
388 1559 478 1610 extet:
501 1550 536 1607 ab
552 1568 629 1624 νᾶφε,
645 1554 699 1609 hoc
714 1555 786 1609 idem
801 1555 877 1624 apud
892 1555 1068 1610 Priscianum
1083 1556 1097 1608 I
1112 1572 1140 1625 p.
1158 1553 1220 1611 104
1237 1557 1368 1617 traditur.
1391 1562 1393 1568 '

278 1660 348 1726 Quis
372 1660 460 1731 igitur
486 1659 643 1725 dubitabit,
671 1659 746 1729 quod
772 1658 814 1713 Iu.
845 1658 902 1726 11,
930 1660 947 1714 2
976 1664 1167 1712 convenerunt
1185 1661 1215 1714 in
1236 1661 1315 1717 libris
1330 1656 1369 1733 g⁰

278 1758 358 1841 (g⁴?)
374 1769 403 1820 et
417 1759 452 1835 p¹
469 1765 498 1819 in
510 1777 665 1817 conuenere
682 1769 845 1819 conrectum
861 1747 914 1832 est,
926 1763 1064 1819 Prisciani
1075 1766 1238 1820 auctoritati
1251 1766 1280 1820 id
1291 1766 1369 1820 attri-

277 1870 376 1939 buere,
393 1871 441 1940 qui
462 1869 582 1924 laudans
602 1869 678 1923 huno
701 1869 793 1923 locum
811 1882 965 1922 convenere
981 1863 1116 1938 scripsit?
1132 1850 1277 1925 'Ceterum
1292 1871 1370 1925 illum

277 1975 379 2031 librum
391 1969 427 2047 g⁴
442 1975 595 2030 seeundum
615 1973 704 2029 verba
720 1971 873 2044 Augustini
889 1989 1001 2045 quoque
1017 1977 1154 2028 mutatum
1170 1992 1231 2029 esse
1243 1949 1369 2031 ¹fortusse

279 2079 410 2135 concludi
425 2083 520 2162 potest
535 2083 564 2134 et
579 2097 613 2134 ex
628 2079 678 2135 Oa.
696 2075 747 2144 55,
767 2077 785 2132 6
801 2077 851 2132 ubi
866 2096 961 2134 omnes
976 2079 1065 2134 nostri
1080 2078 1144 2133 libri
1160 2078 1278 2132 esitium
1291 2098 1371 2151 prae-

278 2185 357 2253 bent,
373 2185 449 2240 solus
465 2178 503 2255 g⁴
519 2182 624 2236 ruitum
640 2179 697 2259 (‚ex
713 2186 902 2250 correctura‘,
917 2188 950 2238 ut
963 2183 1128 2242 Dietschius
1143 2180 1273 2260 adnotat)
1294 2187 1371 2256 quod

278 2290 351 2344 idem
366 2287 561 2360 Augustinus,
584 2294 613 2343 et
635 2306 670 2344 ex
684 2288 734 2344 Ca.
753 2286 784 2354 5,
800 2285 818 2342 9
836 2292 918 2357 utque
938 2287 1050 2357 optimo.
1081 2289 1247 2359 Dignissimi
1271 2291 1373 2346 deinde

280 2398 345 2448 sunt
361 2393 409 2465 qui
423 2398 611 2478 memorentur
627 2393 653 2448 ei
664 2393 721 2448 loci
736 2392 880 2463 inquibus
893 2393 1067 2463 antiquiores
1083 2381 1196 2466 quoque
1211 2395 1276 2450 libri
1291 2395 1374 2450 simili

277 2498 388 2554 ratione
399 2498 524 2554 contecti
536 2502 615 2569 sunt3
627 2502 660 2552 ut
671 2498 708 2552 ad
720 2498 762 2555 lu.
778 2495 829 2567 22,
841 2496 857 2552 1
872 2495 958 2550 sedis
970 2512 1070 2573 rumor
1082 2494 1200 2551 clemens
1213 2503 1278 2552 erat
1291 2500 1322 2554 in
1333 2495 1374 2555 P1

279 2598 499 2683 superscriptum
514 2607 573 2658 est:
590 2621 656 2672 ,non
671 2603 793 2670 nimius,‘
810 2603 886 2673 quod
901 2603 1044 2674 glossema
1058 2603 1170 2658 facilius
1182 2603 1373 2676 intellegimus

280 2709 377 2764 oblato
393 2707 475 2764 nobis
487 2709 549 2763 loco
561 2707 700 2763 Prisciani
715 2707 744 2762 Π
752 2725 783 2778 vp.
794 2704 856 2763 353
866 2709 916 2766 K.:
930 2707 1015 2775 ,Hinc
1023 2706 1091 2766 Sall.
1101 2708 1130 2762 iu
1141 2708 1294 2780 Iugurtha:
1313 2710 1375 2766 sed

279 2815 311 2870 is
330 2830 451 2869 rumor
472 2812 625 2868 clemens
647 2818 731 2868 erat
753 2830 803 2883 pro
826 2830 903 2867 non
928 2813 1070 2867 nimius*
1089 2807 1279 2888 (indidemque
1295 2819 1374 2871 certe

279 2916 364 2974 leetio
380 2918 442 2974 cod.
459 2911 489 2972 s'
501 2930 557 2969 ooo
571 2915 674 2970 nimias
690 2914 811 2970 clemens
831 2904 945 2994 erasit).v
976 2918 1050 2972 Tum
1070 2918 1114 2976 Iu.
1132 2915 1183 2985 49,
1202 2917 1217 2972 1
1236 2915 1375 2988 quartlso

281 3026 431 3076 extenuato
443 3035 559 3075 suoram
571 3020 633 3076 acie
645 3019 770 3075 consedit
779 3023 809 3076 in
823 3022 927 3078 nostris
938 3023 1017 3078 libris
1028 3022 1143 3094 legitur,
1155 3022 1205 3076 sed
1220 3025 1295 3094 apud
1309 3024 1369 3079 Pri-

281 3128 494 3198 scianume.
518 3127 577 3182 331
607 3129 687 3183 acie
713 3133 831 3182 monte
858 3128 896 3181 in
921 3127 1080 3195 insedit,
1107 3128 1187 3183 cuius
1215 3129 1374 3199 scripturae

283 3233 435 3304 vestigium
448 3232 574 3288 invenies
590 3232 620 3286 iu
635 3233 698 3288 cod.
715 3227 773 3286 P⁸z
789 3230 851 3284 acie
865 3237 981 3284 montem
996 3229 1057 3284 ret
1070 3223 1106 3284 ist
1122 3229 1248 3286 concedit
1262 3237 1292 3288 et
1306 3235 1336 3289 in
1350 3235 1374 3288 B

282 3335 407 3390 consedit
421 3339 459 3392 ad
474 3339 550 3409 quod
571 3354 710 3407 superscr.
727 3354 752 3392 e.
770 3337 826 3406 ‚vel
840 3337 869 3391 in
884 3341 1028 3405 montem‘,
1048 3338 1145 3408 itaque
1165 3354 1215 3408 pro
1232 3342 1311 3394 certo
1326 3338 1374 3393 ha·

280 3442 379 3497 bemus
394 3443 424 3496 in
439 3461 472 3498 eo
487 3443 559 3499 libro
575 3459 609 3498 ex
625 3459 681 3514 quo
695 3447 814 3512 uterque
829 3442 928 3497 horum
944 3442 1162 3513 descriptusest
1174 3437 1233 3518 (of.
1250 3440 1375 3502 Dietsch.

283 3565 381 3606 comm.
394 3565 423 3617 p.
437 3543 470 3623 4)
480 3547 571 3606 Prisc,
587 3548 676 3603 verba
688 3547 914 3618 superadscriptu
925 3547 1022 3608 fuisse.
1051 3548 1116 3602 Hue
1129 3563 1241 3618 quoque
1253 3549 1377 3619 pertinet

283 3653 423 3723 scriptura
436 3649 578 3721 loquentia
590 3669 664 3724 quae
673 3651 722 3710 Ca.
733 3650 764 3718 5,
773 3650 793 3706 4
802 3650 890 3725 (sutis
903 3648 1091 3726 eloquentiae)
1098 3657 1128 3707 et
1138 3653 1168 3706 in
1179 3652 1251 3708 libro
1263 3671 1277 3707 s
1290 3671 1376 3724 supra

283 3746 386 3812 lineam
397 3758 534 3812 adnotata
547 3735 599 3826 est,
615 3763 645 3813 et
659 3759 688 3811 in
702 3773 720 3827 p
736 3760 765 3812 et
780 3750 818 3828 g⁵
834 3773 925 3824 ,eraso
941 3761 966 3808 θ*
983 3756 1102 3828 legitur3
1117 3761 1266 3827 praeterea
1280 3764 1376 3814 autem

284 3864 360 3934 apud
371 3862 547 3918 Priscianum
562 3863 592 3917 11
607 3880 635 3934 p.
651 3860 746 3918 1020:
762 3861 878 3921 Sallust.
895 3861 925 3916 in
940 3860 1003 3916 Cat.
1020 3862 1129 3932 ,satie
1144 3863 1375 3934 loquentiae‘

283 3974 315 4024 et
335 3969 410 4039 apud
437 3968 557 4024 Gellium
579 3968 615 4024 N.
633 3967 668 4025 A.
686 3968 700 4022 l
718 3965 768 4038 15,
786 3966 841 4022 18:
865 3967 1018 4035 ,Valerium
1042 3967 1165 4023 Probum
1184 3999 1221 4008 -
1241 3969 1377 4036 --brevi

288 4079 441 4146 antequam
456 4073 516 4128 vita
531 4073 692 4142 decederet,
709 4073 750 4127 sic
764 4072 858 4142 legere
875 4073 1002 4144 coepisse
1017 4077 1047 4127 et
1062 4073 1102 4127 sic
1118 4090 1136 4127 u
1149 4073 1282 4128 Sallustio
1298 4075 1377 4128 relio-
