3020 4922
703 445 920 506 ..10-

265 654 292 707 p.
312 634 352 690 22
368 639 482 691 secutus
497 637 676 700 coniecturae
692 637 755 693 loeo
770 655 832 693 eam
846 638 967 708 recepit:
984 655 1155 710 ,quanquam
1173 667 1209 678 -·
1229 667 1267 678 -
1283 637 1354 692 libri

265 740 314 812 qui
328 739 422 794 amisit
436 740 575 808 exhibent,
590 742 761 801 recentiores
782 760 874 815 neque
889 743 973 798 ullius
988 742 1054 798 fidei
1076 747 1158 798 sunt‘.
1183 738 1294 819 (comm.
1319 760 1351 813 p.

267 839 349 920 108).
370 875 401 884 -
423 841 470 908 ts.
489 843 537 919 37,
560 843 579 914 b
605 845 632 904 ci
659 845 770 900 Romam
796 845 881 900 sicuti
906 845 937 900 in
963 846 1101 902 sentinam
1127 836 1351 928 conducerent]

265 949 374 1015 Quibus
388 951 483 1006 verbis
502 952 531 1006 in
547 951 565 1009 8
581 953 600 1012 l,
617 953 647 1006 II
662 969 725 1023 gen.
743 953 882 1007 cumulate
898 967 972 1022 aqua
986 952 1033 1007 vel
1047 966 1138 1022 aquae
1153 953 1280 1008 additum
1296 957 1350 1008 est.

264 1084 308 1096 -
323 1051 371 1116 Gn.
387 1051 435 1128 38,
450 1050 469 1116 2
484 1051 626 1124 nitebatur
639 1053 776 1126 pleraque
795 1051 928 1109 nobilitas
943 1061 1057 1110 senatus
1072 1046 1186 1138 specie]
1201 1057 1278 1112 Dum
1294 1055 1312 1113 9
1329 1057 1351 1112 l.

264 1159 294 1214 II
309 1178 375 1232 gen.
395 1155 446 1212 sab
468 1175 528 1219 sen.
544 1158 637 1238 spepie
659 1160 805 1227 exhibent,
828 1161 857 1216 in
872 1159 892 1215 4
910 1162 1033 1216 eiusdem
1048 1179 1114 1234 geu.
1131 1161 1226 1231 specie
1240 1162 1270 1216 in
1285 1176 1352 1231 spe-

265 1261 377 1318 cialiter
397 1269 535 1320 mutatum
561 1270 614 1320 eet.
637 1295 674 1305 —
697 1261 745 1326 Gt.
768 1259 858 1340 49,1
882 1278 971 1334 neque
989 1261 1125 1334 precibus
1147 1281 1236 1336 neque
1253 1264 1352 1336 pratia
1442 1277 1443 1282 ¹

264 1382 352 1439 nepae
371 1367 465 1438 pretio
480 1367 642 1423 Ciceronem
661 1366 797 1439 inpellere
809 1359 948 1450 potuere]
971 1369 1041 1426 Cum
1055 1369 1110 1426 hoc
1125 1371 1188 1426 loco
1203 1371 1233 1425 in
1247 1365 1285 1444 3⁸
1299 1386 1351 1425 ne-

265 1487 317 1543 pne
328 1468 464 1542 precibus
479 1474 567 1542 desit,
581 1475 611 1529 in
627 1475 688 1530 aliis
711 1493 779 1531 vero
801 1475 880 1530 libris
902 1476 949 1531 vel
969 1488 1058 1544 nepae
1078 1472 1177 1544 pratia
1198 1475 1351 1544 velaeque

262 1576 367 1648 pretia,
383 1578 455 1633 sitne
470 1596 556 1633 unum
570 1578 669 1635 horum
680 1579 866 1635 membrorum
881 1579 1062 1635 subdititium
1076 1596 1114 1634 an
1124 1597 1181 1634 non
1196 1579 1350 1636 diiudicare

264 1701 321 1738 non
343 1684 497 1754 poterimus
520 1685 575 1740 nisi
601 1685 704 1740 omissa
725 1685 859 1740 librorum
885 1685 1055 1740 auctoritate
1077 1685 1230 1755 praecipue
1251 1685 1288 1740 ad
1307 1701 1351 1740 ra·¹

264 1788 355 1844 tiones
370 1787 521 1845 verborum
535 1790 754 1860 respexerimus3
770 1807 825 1860 quo
840 1788 873 1844 fit
887 1793 920 1843 ut
934 1789 981 1844 vix
994 1788 1075 1844 firma
1090 1789 1231 1844 sententia
1245 1789 1280 1844 de
1295 1789 1350 1846 hac

264 1910 295 1948 re
317 1893 438 1963 proferri
456 1894 555 1965 possit.
584 1893 657 1950 Nem
678 1911 742 1950 cunr
765 1894 873 1964 priores
889 1893 1011 1948 editores
1025 1893 1137 1948 minime
1152 1893 1182 1948 in
1196 1893 1240 1948 his
1254 1892 1350 1950 verbis

264 1997 447 2057 offendissent
467 2003 497 2054 et
518 2009 609 2069 nuper
630 1999 752 2070 Kvipala
771 2015 884 2070 quoque
898 1999 916 2053 l.
934 2015 958 2052 o.
976 2001 1076 2053 contra
1100 1997 1277 2057 Dietsehium
1303 2015 1350 2054 eos

265 2103 452 2171 defendisset,
474 2108 570 2160 tamen
592 2103 704 2160 difficile
725 2108 840 2161 estnon
854 2103 1037 2176 intellegere,
1058 2103 1204 2164 haectria
1225 2102 1351 2160 membre
1386 2147 1388 2150 .

263 2224 355 2279 paene
376 2208 554 2281 languidiora
574 2226 636 2265 esse
658 2214 687 2264 et
708 2226 809 2279 parum
830 2209 907 2264 illem
928 2210 1105 2280 praeclaram
1125 2207 1241 2266 Sallusti
1258 2207 1350 2264 brevi·

184 2335 186 2339 ⁴
264 2317 352 2368 tatem
372 2330 481 2384 sapere.
522 2311 562 2369 At
587 2313 765 2370 Dietschium
786 2315 884 2370 eadem
906 2319 938 2369 ut
959 2314 1071 2370 videtur
1092 2315 1203 2370 ratione
1225 2315 1350 2384 ductum,

262 2409 326 2474 cum
342 2423 374 2473 ut
388 2436 475 2473 unum
494 2419 593 2475 horum
613 2418 800 2476 membrorum
820 2420 1031 2490 excluderetur,
1053 2437 1088 2474 ex
1101 2417 1349 2475 Prisciani'verbis

261 2524 310 2595 qui
323 2523 343 2578 1.
358 2524 387 2578 X
401 2541 429 2594 p.
447 2521 509 2580 539
525 2525 566 2580 ita
580 2525 711 2581 tradidit:
732 2521 800 2580 Sall.
818 2523 848 2577 in
871 2520 1055 2578 Catilinario:
1077 2520 1128 2576 sed
1147 2537 1236 2593 nepae
1255 2520 1349 2592 pretia

261 2641 350 2698 neque
364 2625 461 2698 pratia
475 2624 572 2698 inpelli
587 2627 676 2699 painel
695 2630 848 2686 remedium
868 2628 994 2685 traheret
1015 2633 1044 2684 et
1059 2628 1176 2685 Sallusti
1196 2627 1286 2684 verbe
1308 2645 1350 2682 se-

261 2734 382 2790 cundum
392 2733 467 2789 hunc
478 2736 571 2789 locum
581 2735 720 2790 Prisciani
731 2736 899 2807 contigeret,
914 2735 1017 2790 iustam
1028 2734 1147 2789 sanandi
1158 2733 1233 2788 viam
1244 2733 1349 2805 ingres·

261 2855 322 2894 sum
334 2856 396 2894 esse
406 2856 553 2911 negamus,
566 2856 712 2896 censemus
723 2857 823 2911 pamm
834 2857 897 2896 eum
911 2839 1092 2904 intellexisse,
1105 2838 1243 2894 Prisciani
1257 2838 1349 2894 locum

262 2947 339 2999 certe
358 2945 521 3000 mendosum
546 2961 607 3000 csse
630 2944 690 3000 sivo
711 2944 748 3000 ab
771 2945 832 3015 ipso
848 2945 937 3004 Prisc.
954 2946 1015 3002 sive
1037 2943 1192 2999 alibrariis
1213 2943 1242 2998 in
1261 2943 1348 2999 verbo

262 3044 430 3101 Catilinario
446 3053 569 3104 erratum
583 3049 635 3117 sit,
658 3051 734 3123 quod
748 3067 810 3109 esse
824 3052 855 3105 in
868 3046 995 3104 bistoriis
1011 3050 1175 3104 mutandum
1196 3066 1247 3120 pro
1270 3051 1348 3104 certo

261 3152 406 3211 habemns.
429 3153 509 3210 Nam
523 3154 605 3210 verbi
619 3151 708 3224 quivit
728 3157 803 3227 quod
824 3155 879 3211 hoc
900 3155 963 3211 loco
985 3172 1003 3208 a
1025 3153 1172 3209 Prisciano
1195 3153 1348 3224 praecipue

261 3257 406 3328 premitur,
427 3258 457 3312 in
472 3259 602 3314 omnibus
625 3277 697 3331 quos
709 3259 846 3316 habemus
859 3260 939 3316 libris
959 3278 995 3315 ne
1010 3259 1161 3331 vestigium
1177 3258 1288 3329 quidem
1306 3275 1348 3314 ex·

208 3432 212 3441 ¹
262 3366 322 3432 tat;
338 3379 391 3418 nec
406 3363 431 3418 si
445 3362 500 3419 hoc
514 3365 577 3420 loco
593 3361 709 3434 quivere
723 3365 753 3420 in
766 3365 830 3420 libr.
845 3364 912 3421 Sall.
929 3365 1077 3434 extitisset,
1093 3381 1157 3418 esse
1170 3367 1285 3433 poterat
1299 3379 1348 3418 cur

262 3483 279 3521 a
293 3467 415 3522 librariis
430 3467 460 3521 in
472 3472 592 3536 potuere
605 3473 771 3525 mutaretur.
801 3470 835 3524 Iu
851 3487 907 3540 qua
922 3487 952 3526 re
967 3473 1026 3526 tam
1041 3468 1147 3524 difficili
1161 3484 1197 3524 ao
1212 3468 1310 3524 subtili
1324 3468 1348 3524 si

261 3572 329 3644 quid
343 3571 434 3627 doctis
450 3573 604 3629 editoribus
624 3575 795 3630 contrarium
815 3579 844 3629 et
857 3575 941 3629 nullis
964 3573 1049 3628 certis
1070 3572 1243 3644 argumentis
1258 3561 1347 3627 firme·

261 3681 321 3732 tum
335 3681 459 3732 statuere
471 3678 553 3734 nobis
565 3696 731 3735 concessum
747 3683 800 3747 est,
815 3679 884 3734 illud
899 3693 987 3748 neque
999 3673 1135 3747 precibus
1148 3691 1238 3748 neque
1252 3676 1348 3748 pratia

261 3781 396 3852 optimum
410 3798 474 3838 esse
489 3784 680 3856 censebimus,
702 3785 806 3855 partim
830 3802 885 3855 quo
901 3801 919 3838 a
934 3783 1069 3840 Cicerone
1086 3783 1269 3854 suspitionem
1284 3799 1347 3838 oon·

260 3885 399 3957 ruptionis
413 3905 614 3957 removeamus,
629 3891 733 3959 partim
748 3891 891 3960 scriptura
907 3889 972 3944 libri
988 3888 1031 3947 G:
1047 3903 1135 3958 neque
1148 3883 1283 3958 precibus
1298 3901 1347 3940 nc-

261 4005 314 4061 que
324 3989 421 4063 pratia
429 3992 548 4063 praecio
560 3995 698 4050 commoti.
716 3994 798 4060 Quod
809 3999 903 4050 autem
914 3993 1043 4050 Dietosh.
1059 3995 1089 4048 in
1100 3999 1249 4050 comment.
1263 4011 1292 4063 p.
1307 3989 1345 4048 65

261 4098 459 4165 contenderat,
481 4099 598 4155 verbum
612 4097 737 4168 praciam
751 4100 807 4155 iam
821 4100 890 4154 illud
902 4113 1003 4168 preces
1019 4099 1168 4169 amplecti,
1191 4116 1209 4152 a
1224 4098 1345 4168 Kvicala

260 4200 333 4260 bene
343 4202 484 4262 refutetur
495 4205 543 4279 qui
553 4204 693 4262 vocabulo
704 4203 818 4278 pretias
829 4203 1062 4280 significationem
1078 4192 1243 4277 ,verspro
1253 4202 1344 4260 ohne
