3020 4922
572 426 785 487 „21-

135 619 173 673 sit
195 617 375 685 faciendum,
397 621 508 673 veteres
519 618 686 689 interpretes
701 618 801 674 Rivius
817 618 924 689 Popma
939 617 1077 674 Gruterus
1091 620 1222 676 Wassius

133 725 252 778 multum
267 723 323 777 iam
338 722 551 792 concertabant,
566 740 602 779 ne
616 724 647 777 in
660 741 716 779 uno
733 722 844 794 quidem
859 728 1019 778 nostrorum
1033 725 1095 780 libr.
1107 725 1222 797 legitur,

134 828 217 884 modo
229 829 259 882 in
265 827 362 883 Wassi
373 827 541 882 membranis
548 828 757 899 Reginensibus
766 828 891 882 extitisse
901 828 1021 883 traditur
1028 829 1062 884 de
1074 830 1176 900 quibus
1183 830 1223 884 nil

134 937 308 1003 compertum
318 932 470 1002 habemus3
482 949 575 1005 neque
586 938 648 989 erat
658 932 754 1004 igitur,
771 933 1006 988 curWoelfflinus
1025 933 1054 988 id
1070 953 1146 990 nunc
1164 935 1224 990 lau·

134 1039 261 1093 daret—
271 1032 333 1113 (Ca.
344 1035 374 1104 5,
383 1033 402 1092 9
410 1033 545 1106 paulatim
557 1034 713 1104 immetete;
726 1037 867 1108 scriptura
879 1053 952 1109 quae
963 1037 993 1092 in
1003 1037 1082 1094 libris
1094 1057 1113 1111 g
1125 1044 1183 1111 etp
1195 1044 1224 1094 et

134 1143 211 1214 apud
221 1141 411 1214 Augustinum
425 1141 580 1197 invenitur:
592 1145 697 1194 musaea
708 1140 768 1196 sine
784 1141 870 1197 dubio
885 1142 1063 1198 librariorum
1074 1145 1224 1216 neglegen-

134 1249 192 1303 tiae
205 1246 386 1303 attribuenda
397 1241 463 1322 est.)
471 1278 509 1287 —
519 1246 569 1304 Ca.
580 1245 630 1308 11.
642 1245 657 1300 1
669 1244 790 1315 propius
802 1244 947 1314 etrtutem3
958 1248 1024 1302 dum
1035 1245 1135 1302 virtuti
1146 1253 1225 1304 extat

134 1353 165 1407 in
185 1351 266 1407 libris
287 1370 345 1406 non
364 1351 454 1407 solum
475 1351 505 1404 II
526 1368 589 1422 gen.
607 1346 696 1427 (quod
711 1351 759 1407 W·
776 1347 952 1428 contendit),
974 1353 1129 1408 sedetiam
1149 1354 1174 1422 I,
1194 1354 1224 1410 in

134 1457 226 1512 Paris.
243 1456 287 1513 ed.
305 1454 459 1528 Augustini
474 1441 603 1508 uirtutem
619 1450 687 1531 (non
701 1451 813 1533 virtuti)
828 1456 958 1527 legimus,
974 1473 1009 1512 ex
1023 1457 1135 1527 optimis
1150 1459 1225 1515 codi-

135 1561 217 1618 cibus
228 1567 260 1616 ut
275 1560 395 1616 editores
411 1563 554 1616 testantur
567 1565 727 1631 receptum,
747 1561 823 1632 quod
838 1561 925 1633 igitur
938 1561 968 1615 in
984 1563 1079 1618 adnot.
1095 1562 1224 1618 Dictschi

134 1667 281 1725 restituas.
299 1695 337 1706 -
356 1664 406 1722 Ca.
423 1663 476 1732 26,
492 1665 510 1719 2
526 1664 583 1720 Hic
606 1681 718 1736 quoque
742 1665 771 1719 in
792 1666 837 1721 ed.
860 1665 953 1726 Paris.
973 1663 1092 1721 deerem
1112 1669 1225 1768 legitis,

134 1789 193 1826 non
208 1768 323 1836 deerat,
346 1770 422 1840 quod
441 1769 509 1824 item
525 1786 552 1826 a.
567 1768 616 1828 W.
633 1769 816 1825 omittendum
835 1775 914 1839 erat,
939 1789 1003 1827 cum
1021 1773 1094 1828 inter
1114 1765 1225 1830 nostros

134 1880 246 1931 tantum
260 1876 290 1930 in
305 1868 354 1929 Μ2
370 1869 397 1950 (1
411 1868 470 1949 ma)
486 1867 563 1954 etys²
579 1874 625 1929 sit.
643 1904 682 1914 -
699 1874 749 1932 Ca.
767 1872 820 1944 35,
838 1874 854 1931 1
871 1876 960 1932 verba
975 1874 1005 1929 irs
1027 1875 1136 1948 mapale
1157 1876 1225 1932 meis

132 1977 272 2051 perieulis
287 1997 338 2035 cur
353 1979 390 2034 ab
405 1979 454 2034 illo
470 1997 500 2038 v.
513 1979 541 2037 d.
553 1977 619 2033 huie
634 1978 698 2034 loco
714 1971 826 2035 adiecta
840 1979 907 2048 sint,
919 1981 1003 2051 plane
1014 2000 1071 2037 non
1081 1983 1226 2055 intellego.

136 2085 270 2157 Denique
286 2084 437 2140 admonere
453 2101 523 2154 opus
538 2101 595 2139 non
611 2088 664 2152 est,
681 2084 798 2154 quidde
814 2085 864 2141 Ca.
882 2084 934 2154 51,
951 2084 969 2141 9
986 2102 1057 2156 quae
1072 2083 1226 2140 victoribus

137 2185 322 2243 conlibuisset
336 2206 387 2260 pro
402 2182 602 2242 conlibuissent
616 2188 695 2244 etde
710 2188 794 2244 simili
807 2190 870 2245 loco
887 2189 935 2250 Ca.
951 2191 1002 2260 16,
1019 2189 1037 2246 3
1055 2197 1227 2261 torpesceret

135 2313 186 2367 pro
203 2297 396 2362 torpescerent
410 2310 545 2358 censeas,
567 2293 592 2348 si
606 2293 759 2349 contuleris
775 2310 848 2366 quae
864 2312 950 2366 supra
964 2297 1002 2351 ad
1016 2296 1059 2356 Iu.
1075 2295 1127 2367 89,
1144 2296 1162 2352 7
1179 2296 1226 2352 ad-

134 2403 235 2456 notata
251 2403 326 2457 sunt.

221 2503 413 2575 Posteaquam
427 2503 516 2575 igitur
530 2503 793 2570 demonstravimus,
805 2504 907 2560 falsam
923 2522 985 2561 esse
1000 2506 1155 2563 Woelfflini
1171 2508 1228 2578 opi-

134 2610 257 2676 aionem,
272 2606 427 2681 Augustini
441 2606 622 2675 Sallustium,
637 2613 671 2663 ut
684 2609 726 2663 ita
741 2609 849 2677 dicam,
873 2611 987 2681 propius
1004 2613 1166 2668 adnostros
1182 2629 1228 2668 eo·

134 2715 212 2770 dices
229 2714 309 2772 alter.
325 2713 437 2786 generis
453 2713 599 2782 accedere,
621 2713 740 2768 cumeis
756 2729 869 2786 quoque
886 2732 959 2787 quae
974 2717 1059 2788 paulo
1075 2721 1140 2788 post
1153 2734 1182 2776 v.
1198 2717 1226 2776 d.

134 2819 269 2875 disseruit
287 2819 371 2890 plane
392 2817 552 2873 consentire
567 2836 625 2873 non
646 2836 803 2890 possumus.
836 2819 893 2876 Cur
908 2821 981 2875 enim
996 2826 1136 2892 putemus,
1159 2840 1227 2894 ‚my-

136 2925 237 2980 sticum
249 2924 372 2996 aliquem
383 2923 532 2990 hominem,
544 2923 586 2977 rei
597 2923 715 2978 criticae
726 2925 809 2980 valde
825 2925 956 2996 peritum,
971 2927 1061 2982 medio
1078 2945 1149 2983 aevo
1165 2931 1226 2983 arte

137 3047 171 3085 ac
185 3029 306 3084 ratione‘
319 3029 356 3083 ad
367 3027 441 3083 hanc
452 3044 511 3083 rem
522 3028 694 3097 incubuisse,
707 3045 771 3083 cum
786 3029 873 3084 liceat
887 3031 1050 3101 simpliciter
1065 3037 1094 3087 et
1108 3038 1226 3088 naturae

136 3134 339 3190 convenienter
353 3138 489 3198 statuere,
505 3132 633 3204 quemvis
648 3133 795 3188 librarium
805 3135 852 3190 vel
863 3152 1053 3206 possessorem
1065 3136 1228 3193 Sallustiani

137 3238 252 3306 codicis,
266 3239 332 3292 dum
342 3238 425 3294 modo
437 3238 522 3308 paulo
536 3238 671 3293 eruditior
682 3237 778 3306 fuerit,
790 3239 880 3296 verbs
891 3241 993 3297 nobilis
1006 3246 1035 3296 et
1046 3242 1083 3297 ab
1099 3242 1227 3298 omnibus

136 3343 287 3415 diligenter
310 3343 417 3400 evoluti
432 3342 576 3413 scriptoris
596 3359 646 3412 pro
661 3343 736 3399 virili
750 3349 831 3415 parte
847 3346 1010 3403 emendasse
1025 3352 1055 3402 et
1070 3347 1226 3419 explicasse

136 3449 196 3504 sive
212 3448 384 3521 conrigendo
401 3447 461 3503 sive
473 3446 667 3503 adscribendis
682 3449 860 3520 glossematis
872 3467 945 3522 quae
961 3457 1061 3523 postea
1076 3453 1105 3506 in
1120 3457 1227 3508 textum

136 3554 330 3624 inrepseruut;
354 3569 411 3624 qua
430 3552 459 3606 in
478 3569 508 3608 re
531 3569 595 3606 cum
617 3553 876 3610 ecclesiasticarum
896 3561 956 3611 tum
982 3557 1227 3629 grammaticarum

136 3676 230 3714 rerum
246 3659 397 3728 scriptores
414 3658 462 3729 qui
477 3656 593 3713 Sallusti
618 3659 794 3730 aliorumque
809 3666 936 3716 veterum
950 3662 1039 3717 verba
1062 3679 1147 3736 saepe
1169 3663 1227 3717 lau-

137 3763 245 3820 dabant
260 3763 503 3822 adsciseebantur.
533 3763 580 3829 Et,
596 3764 672 3834 quod
686 3764 724 3818 ad
739 3763 901 3820 Sallustium
917 3767 1035 3837 attinet,
1051 3785 1085 3822 ex
1099 3766 1228 3822 Dietsebi

138 3872 277 3940 apparatu
300 3868 399 3924 critico
415 3863 564 3944 (quamvis,
580 3867 653 3923 sitne
667 3869 691 3923 is
706 3869 736 3924 in
749 3869 805 3926 hec
820 3887 932 3943 quoque
952 3889 982 3927 re
1006 3888 1089 3943 quam
1109 3873 1227 3927 maxime

137 3974 249 4045 integer
263 3978 293 4028 et
307 3978 458 4028 accuratus
481 3990 518 4027 an
532 3990 598 4044 non,
613 3973 673 4028 iure
689 3971 875 4053 dubitaveris)
891 3977 960 4032 satis
983 3977 1127 4032 luculenta
1149 3977 1227 4031 testi·

138 4078 231 4133 monia
246 4078 307 4133 cius
321 4079 362 4133 rei
377 4078 495 4150 proferri
509 4082 636 4149 possunt·
667 4079 739 4134 Nam
754 4081 791 4134 ad
806 4080 856 4140 Ca.
875 4079 926 4151 25,
944 4083 961 4136 2
975 4077 1101 4150 psallere
1117 4084 1144 4133 et
1158 4095 1227 4133 eea·

140 4186 202 4236 tere
221 4183 252 4238 in
272 4183 334 4243 cod.
351 4183 375 4238 P
390 4177 432 4238 P²
448 4183 485 4239 ad
500 4198 589 4257 marg.
605 4183 770 4240 adnotatum
785 4190 843 4243 est:
869 4182 1021 4256 ,saltere
1042 4187 1225 4244 advocato
