3020 4922
487 396 766 470 ff-a7-

119 618 303 673 eorumquae
326 601 507 657 disseruimus
527 617 627 672 parum
649 599 742 655 adhuc
761 601 869 673 liquere
890 588 924 655 ao
946 601 1041 672 potius
1062 601 1203 657 constanti

116 707 227 762 ratione
243 723 328 778 quam
342 705 428 762 firmis
444 707 616 779 argumentis
630 705 735 777 teneri3
757 675 807 762 sed
821 710 915 761 tamen
929 705 992 776 plus
1007 680 1116 777 valere,
1139 722 1204 764 con·

104 801 205 866 'stanti
227 811 339 866 rationo
360 811 405 866 uti
427 828 511 884 quam
532 809 784 866 innumerabilibus
805 809 1052 877 haesitationibus,
1078 807 1204 866 hicillic
1302 835 1305 844 Δ

119 914 336 988 emergentibus,
351 916 451 972 iactari
467 921 496 972 et
517 916 546 970 in
569 915 695 970 diversas
717 919 813 986 partes
836 914 921 982 trahi,
943 915 1108 985 pracsertim
1128 914 1157 969 in
1171 932 1204 970 re

119 1024 175 1074 tam
197 1021 310 1076 incerta
333 1037 367 1075 ac
386 1014 518 1075 lubrica?
547 1019 675 1088 Vidimus
695 1020 791 1092 igitur,
805 1024 838 1074 ut
858 1036 993 1075 summam
1006 1019 1089 1074 huius
1101 1016 1204 1091 ‘quaes-

119 1125 203 1180 tionis
229 1125 355 1205 breviter
373 1125 609 1197 perstringemus,
633 1142 701 1180 vera
718 1125 769 1179 illa
787 1128 817 1178 et
837 1124 949 1196 integra
971 1122 1087 1180 Sallusti
1107 1123 1203 1190 verba,

119 1247 192 1300 quae
206 1229 336 1300 pluribus
347 1229 416 1285 locis
431 1234 541 1284 tantum
556 1230 585 1285 in
598 1230 800 1284 recentissimis
814 1229 894 1284 libris
909 1229 1099 1296 inveniuntur,
1113 1245 1203 1300 neque

119 1334 250 1391 universo
263 1334 345 1389 alteri
356 1334 452 1405 generi
464 1334 697 1390 Sallustianorum
711 1335 845 1390 librorum
860 1334 992 1389 maiorem
1007 1332 1205 1388 auctoritatem

119 1438 250 1494 aelidem
265 1455 383 1510 parare,
403 1457 467 1494 cum
481 1440 574 1495 desint
588 1440 618 1494 in
633 1439 836 1511 antiquissimis
851 1444 880 1494 et
895 1438 1007 1509 optimis
1022 1436 1105 1492 huius
1121 1455 1204 1509 gene·
1315 1447 1318 1453 '

119 1544 171 1614 ris,
186 1560 281 1615 neque
296 1544 333 1598 ad
348 1544 575 1600 constituendum
590 1545 705 1600 tertium
720 1561 810 1616 genus
825 1544 954 1598 codicum
969 1542 1098 1599 adhiberi
1111 1559 1205 1614 posse,

120 1649 185 1720 quia
196 1647 239 1703 illi
250 1647 316 1703 libri
326 1653 358 1703 ut
368 1648 398 1703 in
410 1648 472 1704 aliis
484 1648 568 1704 rebus
580 1649 621 1703 ita
632 1649 661 1702 in
671 1649 715 1704 his
727 1649 796 1719 ipsis
810 1648 1008 1704 additamentis
1023 1647 1204 1703 vehementer

119 1753 190 1809 inter
211 1770 242 1808 se
264 1753 442 1808 dissentiunt.
471 1752 588 1810 Omnino
604 1771 671 1809 vero
690 1755 790 1808 mirum
804 1757 934 1824 nonest,
956 1752 1087 1808 librarios
1102 1752 1204 1822 partim

118 1858 242 1928 ipsorum
264 1858 383 1930 ingeniis
399 1857 487 1913 fretos
507 1859 611 1928 partim
629 1858 743 1929 scriptis
763 1859 1008 1930 grammaticorum
1031 1857 1204 1929 aliorumque

119 1967 244 2017 veterum
261 1963 428 2033 scriptorum
441 1963 584 2018 arcessitis
595 1967 629 2018 ut
639 1963 757 2018 lacunas
773 1964 937 2034 supplerent
952 1979 1067 2032 operam
1078 1961 1204 2032 dedissc3

119 2049 365 2138 quicunque'enim
377 2067 532 2139 Iugurthae
547 2067 680 2138 imprimis
695 2069 879 2138 posteriorem
893 2072 1003 2139 partem
1016 2066 1107 2122 obiter
1120 2066 1204 2122 modo
1251 2050 1253 2054 ¹

119 2171 281 2244 perlegerit,
303 2172 482 2230 multitudine
503 2189 600 2227 earum
622 2172 818 2244 obstupescet3
841 2189 960 2244 quarum
982 2171 1137 2248 nonnullas
1150 2171 1206 2225 iam

120 2293 206 2345 supra
225 2259 333 2346 in'cap.
350 2276 365 2332 I
379 2277 578 2347 disputationis
593 2279 885 2350 commemoravimus,
906 2278 976 2334 alias
991 2275 1154 2333 Dietschius
1177 2276 1206 2330 in

121 2384 269 2436 comment.
286 2397 349 2451 cap.
366 2382 395 2436 11
410 2381 543 2454 conlegit.

631 3033 689 3103 ΙΙΙ.

208 3313 265 3369 Sed
281 3299 343 3369 cum
366 3314 422 3368 iam
437 3313 466 3368 in
480 3309 572 3384 priore
587 3320 670 3386 parte
685 3316 928 3373 commentationis
943 3320 1057 3373 nostrae
1071 3334 1131 3372 rem
1146 3317 1209 3378 atti-

12 3411 13 3422 *
121 3419 243 3490 gerimus
258 3419 453 3490 dignissimam.
471 3437 544 3491 quae
565 3420 727 3492 diligentius
751 3422 928 3492 exploretur,
949 3412 1208 3501 quaestionsem

121 3523 255 3594 dicimus,
282 3540 352 3594 qua
372 3524 520 3580 ratione
546 3526 788 3597 grammatici
814 3525 961 3597 aliique
986 3525 1209 3581 inferiorum

121 3611 320 3698 temporum
349 3628 558 3699 scriptores
586 3631 621 3684 in
653 3631 854 3688 laudandis
886 3629 1046 3686 Sallusti
1078 3630 1209 3687 verbis

12 3743 13 3808 f
121 3733 284 3787 usi-sint
311 3733 493 3805 simulque
523 3735 617 3806 quod
651 3736 869 3791 commodum
898 3751 936 3790 ex
965 3735 1017 3790 eis
1047 3751 1208 3805 carpere

122 3837 235 3892 liceat
253 3837 288 3892 in
306 3839 546 3894 recensendis
577 3840 779 3896 codicibus
802 3839 979 3907 Sallusti,
1001 3856 1077 3894 nunc
1096 3838 1210 3911 penitus

123 3942 151 3996 in
165 3941 240 3997 hanc
255 3960 313 3998 rem
328 3943 503 4000 intrabimus.
529 3943 651 4014 Constat
659 3963 736 4014 vero,
757 3946 921 4018 saepissime
935 3943 1126 4002 florentissimi
1145 3945 1211 4001 scri-
1246 3984 1248 3988 .

122 4047 212 4116 pteris
228 4049 316 4104 verba
331 4066 348 4104 a
364 4039 554 4123 grammaticis
568 4049 704 4121 proferri,
721 4069 792 4124 quos
808 4052 856 4124 qui
875 4049 931 4106 huc
950 4049 1111 4121 pertineant
1132 4049 1210 4107 locos

122 4153 228 4222 primus
243 4154 393 4227 diligenter
407 4155 559 4212 erratione
575 4157 696 4228 quadam
711 4157 834 4229 conlegit
847 4155 1011 4213 Dietschius
1026 4155 1055 4209 in
1070 4155 1113 4210 ed.
1130 4156 1208 4227 Lips.
