3020 4922
212 1596 294 1680 Cum
307 1623 415 1693 priores
430 1620 546 1678 Sallusti
560 1621 683 1678 editores
702 1621 732 1677 in
750 1637 855 1695 magna
876 1621 1012 1678 librorum
1032 1640 1118 1679 manu
1141 1624 1208 1680 sori·

122 1735 237 1799 ptorurn
260 1727 341 1797 copia
364 1731 440 1783 certo
467 1726 584 1782 consilio
608 1742 643 1782 ac
664 1725 792 1796 ratione,
819 1743 877 1799 qua
902 1727 989 1783 libros
1014 1735 1207 1797 recenserent,

122 1834 288 1905 plerumque
314 1831 486 1899 caruissent,
508 1831 628 1902 primum
647 1831 824 1887 Rothium
850 1827 893 1908 (in
914 1851 984 1889 mus.
1000 1833 1098 1904 philol.
1114 1834 1158 1888 IX
1177 1852 1206 1905 p.

125 1933 200 2014 129)
226 1936 366 1993 obscurae
387 1936 455 1992 huic
478 1941 563 2009 atque
585 1936 748 1992 inconditae
770 1937 812 1991 rei
826 1936 916 1993 lucem
938 1939 1067 1994 attulisse
1086 1943 1207 1994 constat.

123 2041 152 2097 Is
175 2043 248 2098 enim
269 2041 414 2113 profectus
437 2041 560 2096 atribus
580 2040 717 2112 gravibus
739 2040 847 2097 lacunis
871 2043 992 2114 quasin
1011 2043 1108 2098 multis
1127 2043 1207 2099 libris

123 2152 219 2204 extare
241 2147 422 2203 intellexerat
442 2150 471 2201 et
493 2162 546 2201 eae
567 2146 679 2218 quidem
701 2146 744 2200 Iu.
761 2144 812 2214 21,
829 2145 849 2202 4
871 2143 1127 2202 &controversiis
1147 2146 1208 2201 sois

123 2251 189 2307 iore
200 2251 295 2322 potios
315 2266 397 2322 qaam
410 2247 481 2304 bello
496 2248 674 2320 disceptare5
692 2281 725 2292 -
746 2250 789 2306 Iu.
805 2249 857 2323 44,
873 2249 891 2307 5
907 2266 996 2322 oeque
1010 2248 1208 2306 muniebantur

125 2371 176 2426 ως
192 2387 232 2398 -
248 2357 290 2412 Iu.
309 2355 380 2428 103,
397 2354 415 2410 2
432 2369 469 2408 eo
491 2355 565 2408 omar·
588 2353 724 2425 copia-
743 2353 816 2423 112,
833 2352 851 2410 3
872 2370 971 2426 pacem
992 2354 1088 2425 vellet,
1109 2375 1207 2414 omnes

125 2479 196 2534 quos
217 2461 354 2518 habemus
375 2459 462 2517 libros
485 2461 514 2515 in
535 2464 594 2515 tres
614 2465 710 2530 partes
733 2459 838 2516 divisit.
884 2459 928 2516 Ac
950 2462 1070 2532 primum
1096 2463 1209 2534 quidem

125 2583 215 2639 genus
236 2566 384 2622 constituit
406 2583 455 2622 eos
482 2565 531 2637 qui
551 2563 642 2620 tribus
665 2564 721 2621 illis
742 2564 852 2621 lacunis
874 2564 1008 2621 laborant
1031 2584 1123 2639 neque
1138 2566 1213 2622 infra

125 2671 167 2725 XI
193 2671 240 2726 vel
265 2671 324 2726 XII
349 2687 425 2726 saec.
453 2670 561 2726 exarati
591 2674 674 2735 sunt,
703 2670 821 2725 alterum
854 2670 884 2724 in
909 2671 1012 2742 quibus
1034 2672 1123 2728 verba
1142 2672 1213 2748 'inde

125 2776 162 2832 ab
177 2775 220 2830 Iu.
239 2773 312 2843 103,
329 2774 347 2830 2
362 2792 451 2847 usqne
467 2775 504 2829 ad
521 2772 593 2841 112,
610 2772 629 2830 3
646 2774 777 2846 suppleta
793 2778 877 2842 sunt,
894 2776 1007 2830 tertium
1022 2793 1057 2831 ex
1070 2776 1213 2832 nonnullis

9 2953 11 2958 Χ
54 2877 56 2880 ’
124 2879 324 2935 recentissimis
337 2880 417 2936 libris
432 2879 548 2936 secundi
563 2879 676 2950 generis
692 2879 836 2952 conligere
852 2886 969 2936 conatus
991 2886 1044 2948 est,
1066 2882 1096 2936 in
1111 2880 1213 2953 quibus

125 2986 171 3041 vel
185 2986 275 3045 verba
288 2985 339 3040 illa
352 2985 395 3040 lu.
412 2985 464 3052 44,
480 2982 498 3040 5
524 2983 570 3039 vel
589 2984 634 3039 Iu.
651 2981 701 3055 21,
717 2981 737 3038 4
760 2989 900 3040 extarent.
931 2984 1055 3050 Quorum
1078 3003 1213 3057 generum

33 3075 38 3081 ’
127 3106 182 3161 quo
198 3090 324 3162 quidque
346 3089 438 3145 minus
453 3089 563 3144 lacunis
578 3091 722 3158 turpatum
738 3088 790 3155 sit,
815 3106 849 3144 eo
870 3090 1054 3146 vetustiorem
1077 3091 1213 3162 originem

127 3194 154 3249 si
167 3195 368 3251 vindicandam
383 3212 446 3250 esse
461 3193 571 3249 statuit.
594 3191 650 3248 Sed
664 3193 720 3247 iam
735 3193 764 3247 in
779 3194 1005 3251 commentariolo
1018 3196 1055 3250 ad
1070 3196 1144 3250 idem
1155 3174 1212 3251 vol.

126 3317 198 3354 mus.
220 3299 317 3370 philol.
343 3300 454 3356 adiecto
470 3294 512 3375 (p.
530 3293 594 3353 630
609 3292 664 3374 sq.)
686 3295 820 3353 nonnulla
843 3300 971 3371 quaeda
993 3300 1111 3374 singulis
1133 3299 1212 3356 libris

126 3405 299 3461 disseruerat
312 3407 354 3461 ita
368 3403 491 3461 correxit
502 3419 536 3457 ao
549 3403 670 3457 certiora
684 3403 816 3471 reddidit,
832 3409 865 3459 ut
879 3404 951 3474 ipse,
966 3405 1051 3460 tertio
1066 3405 1114 3460 illo
1130 3403 1214 3460 libro·

126 3526 188 3563 rum
199 3527 302 3582 genere
318 3511 393 3582 quod
408 3509 494 3580 paulo
507 3512 572 3562 ante
584 3513 734 3563 creaverat
748 3508 885 3565 dissoluto
902 3526 936 3564 ac
951 3510 1099 3581 dirempto,
1115 3510 1144 3565 in
1157 3509 1213 3563 hac

127 3615 288 3670 constiterit
301 3614 460 3672 sententia:
476 3615 578 3685 ,ionem
593 3611 780 3668 Sachrerhalt
793 3612 908 3685 zuiolge
923 3617 1018 3670 miisse
1035 3613 1096 3670 eins
1112 3614 1212 3668 durch·

127 3717 274 3791 greifende
304 3718 480 3793 Gliederung
511 3721 562 3775 der
588 3717 907 3774 Sallusthandschriften
938 3717 1012 3774 noch
1047 3719 1214 3791 ansgestellt

127 3818 260 3874 bleiben.‘

213 3924 360 3980 Proximus
382 3929 449 3996 post
470 3926 604 3982 Rothium
627 3927 656 3981 in
678 3928 907 4000 pervestigandis
927 3927 1046 3983 Sallusti
1066 3928 1212 3984 codicibus

129 4035 260 4085 accurate
286 4047 321 4086 ac
345 4031 497 4103 diligenter
521 4036 652 4088 vorsatus
680 4037 724 4088 est
749 4032 974 4089 Dietschius
999 4028 1041 4109 (in
1064 4033 1109 4089 ed.
1131 4034 1211 4103 Lips.

128 4134 237 4191 Teubn.
256 4128 479 4216 laesuros),
501 4138 549 4210 qui
572 4155 634 4192 cum
655 4137 778 4208 priorem
797 4144 907 4194 tantum
921 4143 1033 4210 partem
1055 4137 1212 4193 sententiae
1276 4199 1278 4204 ¹
