3020 4922
593 420 806 480 ..45-

154 605 201 684 gi,
218 610 383 680 ,ascensuri
402 605 452 678 1³¹,
468 611 569 683 reliqui
584 611 749 683 plerumque
767 615 806 674 ,et
822 611 975 669 centuriis&
1013 611 1047 666 Iu
1075 611 1126 679 99,
1143 611 1162 669 3
1180 619 1243 671 ter·

152 721 210 772 ror·
234 709 271 788 g¹
287 711 339 775 P¹.
374 716 418 776 Iu.
435 713 486 783 77,
503 713 521 770 3
547 720 660 788 ‚gnave‘
675 733 727 786 pro
743 720 838 784 ,nave‘
861 711 899 771 Ρ1
916 709 951 788 g²
966 716 977 774 l
991 735 1020 788 p.
1036 716 1243 774 -Attamen

154 837 269 889 caveas,
285 837 321 876 ne
336 820 442 876 talibus
456 819 527 875 loeis
543 821 682 876 adductus
697 821 888 892 indulgentius
911 821 945 877 de
960 821 1043 877 huius
1058 822 1123 878 libri
1138 825 1243 880 virtute

152 926 270 980 iudices.
301 926 505 999 Praeterquam
516 925 590 981 enim
602 926 677 997 quod
689 943 775 997 supra
787 943 816 996 p.
829 923 871 981 42
883 926 1147 996 demonstravimus,
1159 946 1243 1000 quam

153 1047 242 1100 saepe
264 1029 393 1102 integrae
420 1030 555 1086 lectiones
576 1046 610 1084 ex
633 1031 697 1089 cod.
720 1030 861 1087 Vaticano
883 1031 914 1086 in
935 1030 1010 1086 hunc
1030 1031 1123 1102 ipsum
1141 1033 1243 1088 librum

152 1134 343 1202 transiissent,
360 1135 445 1191 etiam
469 1135 542 1190 alius
565 1135 752 1208 antiquissimi
771 1136 876 1192 codicis
899 1136 1019 1204 auxilio,
1042 1137 1191 1193 Catilinam
1214 1143 1243 1194 et

152 1240 319 1312 Iugurtham
331 1239 512 1309 continentis,
525 1245 675 1296 conrectus
686 1240 775 1296 fuisse
786 1241 906 1301 videtum.
929 1239 969 1296 At
979 1259 1076 1298 rursus
1088 1247 1146 1298 tarn
1157 1244 1242 1298 variis

152 1343 375 1417 foedissimisque
390 1345 497 1400 mendis
511 1344 629 1400 vitiatus
645 1349 688 1400 est
703 1340 786 1421 (quos
801 1345 847 1403 hic
863 1363 997 1402 enarrare
1011 1363 1076 1402 non·
1086 1343 1243 1423 convenit),

151 1454 184 1504 ut
208 1468 265 1505 non
280 1451 379 1522 procul
394 1467 412 1504 a
427 1467 494 1505 vero
509 1468 561 1506 nos
585 1451 685 1506 abesse
708 1455 857 1521 putemus,
880 1451 904 1505 si
927 1451 1141 1517 contendimus,
1167 1450 1243 1506 bona

153 1554 265 1626 quidem
289 1559 318 1610 et
341 1556 459 1627 antiqua
479 1554 587 1627 origine
609 1549 651 1632 (et
671 1555 754 1611 simili
770 1556 891 1612 fortasse
906 1556 980 1612 illius
995 1551 1035 1632 m)
1050 1556 1126 1611 hunc
1140 1556 1242 1612 librum

152 1659 320 1725 defluxisse,
342 1660 391 1714 sed
406 1660 453 1716 vel
467 1660 559 1731 ipsum
574 1660 620 1715 vel
640 1661 719 1716 illum
734 1678 768 1716 ex
784 1678 839 1732 quo
855 1661 1014 1733 descriptus
1029 1661 1067 1716 sit
1081 1665 1124 1716 tot
1140 1665 1168 1716 et
1183 1665 1243 1715 tan·

152 1764 189 1818 tis
210 1765 477 1835 interpolationibus
496 1765 683 1834 librariorum,
707 1765 755 1838 qui
769 1783 970 1839 nonnunquam
986 1783 1055 1822 sane
1070 1766 1242 1838 elegantiore

152 1868 256 1926 iudicio
268 1870 312 1924 usi
327 1869 393 1935 sint,
409 1869 595 1924 deformatum
611 1887 683 1942 esse,
705 1875 737 1924 ut
759 1871 788 1925 in
810 1871 972 1927 universum
993 1869 1068 1925 omni
1089 1867 1145 1925 fide
1167 1886 1243 1924 nunc

153 1979 259 2028 careat.
291 1973 422 2029 Ceterum
438 1991 472 2029 ex
487 1975 542 2029 illis
557 1974 756 2030 additamentis
771 1973 905 2031 Sallustio
926 1993 983 2031 non
1002 1974 1175 2047 abrogandis
1190 1969 1241 2050 (cf.

131 2053 133 2056 Ι
151 2095 180 2148 p.
199 2074 410 2158 19)r01um1u.
429 2077 482 2144 21,
497 2076 518 2134 4
535 2076 568 2131 de
584 2077 788 2132 controuersiis
804 2083 855 2133 etc.
869 2079 900 2134 in
920 2079 975 2134 hoc
997 2079 1069 2135 libro
1095 2077 1243 2134 exhibetur

151 2190 180 2239 et
196 2183 224 2238 id
240 2184 352 2256 quidem
367 2184 396 2237 in
411 2183 549 2256 margine.

237 2290 279 2345 Re
307 2289 394 2360 igitur
421 2306 505 2361 quam
530 2289 727 2359 proposuimus
753 2289 783 2343 in
808 2288 902 2344 varim
928 2293 1025 2358 partes
1046 2289 1243 2361 pervestigata

150 2393 331 2466 breviterque
347 2393 555 2465 comprehensis
575 2393 616 2448 eis
631 2411 704 2466 quae
720 2393 749 2448 in
765 2393 883 2465 singulis
898 2392 1027 2464 partibus
1044 2392 1242 2463 disputationis

151 2499 298 2569 explorata
312 2505 388 2565 sunt,
403 2503 544 2569 postremo
561 2498 589 2551 in
604 2497 679 2554 hanc
694 2498 862 2554 sententiam
878 2497 1061 2554 inclinamus:

237 2605 368 2675 Repertis
378 2604 454 2660 foliis
470 2603 618 2675 archetypi
633 2598 729 2680 (capp.
745 2602 788 2664 lu,
805 2599 877 2672 103,
896 2604 913 2658 2
926 2602 1055 2670 -112,
1068 2600 1086 2658 3
1100 2603 1242 2659 continen·

150 2704 239 2785 tibus)
254 2727 328 2782 quae
344 2709 409 2765 olim
425 2708 595 2776 exciderant,
611 2707 758 2778 partimin
769 2707 911 2764 nonnullis
921 2708 1001 2763 libris
1012 2707 1114 2778 prioris
1129 2709 1241 2780 generis

150 2808 273 2888 (scilicet
293 2815 324 2869 in
343 2815 384 2870 eis
409 2813 457 2886 qui
472 2830 507 2867 ex
522 2812 677 2886 archetypo
694 2813 829 2883 descripti
844 2818 943 2881 erant,
967 2813 1032 2867 dum
1053 2812 1171 2868 deerant
1192 2813 1242 2870 illa

150 2913 241 2994 folia),
255 2937 331 2974 nunc
346 2923 379 2973 ut
393 2919 506 2974 videtur
520 2919 685 2988 plerumque
701 2917 872 2989 deperditis,
890 2918 986 2989 ampla
1000 2918 1049 2973 illa
1060 2919 1164 2973 lacuna
1179 2936 1196 2974 a
1211 2919 1242 2972 li·
1265 2954 1268 2960 ,

150 3023 251 3078 brasiis
274 3023 369 3078 statim
394 3023 506 3093 expleta
526 3027 587 3088 est,
610 3039 625 3078 e
641 3022 743 3095 quibus
758 3022 881 3094 antiquis
897 3028 927 3079 et
940 3023 1080 3080 restitutis
1095 3023 1241 3080 codicibus

150 3124 177 3204 (I
192 3123 271 3203 gen.)
285 3128 405 3182 maxima
420 3145 487 3198 pars
510 3127 699 3184 recentiorum
720 3111 855 3191 librorum
870 3124 912 3205 (Π
926 3119 1005 3204 gen.)
1028 3128 1157 3184 derivata
1179 3146 1241 3184 esse

151 3250 291 3289 consensu
314 3233 465 3288 lectionum
492 3233 639 3304 utriusque
663 3233 774 3305 generis
797 3250 880 3305 quem
901 3250 987 3304 supra
1013 3232 1241 3289 adumbravimus

150 3339 219 3393 satis
234 3337 312 3395 firme
328 3337 547 3409 comprobetur,
568 3339 671 3410 partim
686 3356 720 3393 ex
735 3338 796 3409 ipso
813 3335 979 3411 archetypo,
994 3355 1058 3394 curn
1072 3338 1113 3394 ita
1130 3339 1240 3410 supple·

153 3449 199 3499 tus
215 3448 303 3520 esset,
319 3444 453 3500 nonnulli
469 3443 640 3515 libridepieti
656 3448 731 3511 sunt,
748 3445 864 3499 alteram
881 3448 990 3515 partem
1006 3444 1036 3498 II
1050 3444 1163 3516 generis
1186 3462 1242 3499 arn·

150 3550 316 3619 plectentes,
329 3550 366 3604 ad
378 3567 464 3623 quam
476 3549 589 3606 codices
601 3568 628 3604 m
643 3553 672 3604 et
683 3543 721 3622 g'
736 3549 877 3606 referendi
892 3554 959 3605 sunt
980 3549 1086 3620 aliique
1100 3548 1159 3607 hui.
1176 3566 1240 3621 gen,

150 3655 184 3708 dc
208 3655 310 3727 quibus
332 3660 442 3711 certum
463 3654 596 3710 iudicium
616 3673 674 3710 non
696 3655 831 3726 suppetit.
862 3654 964 3727 ltaque
979 3655 1045 3708 dum
1061 3653 1179 3708 ultorum
1194 3669 1241 3726 ge·

67 3809 70 3815 .
144 3765 203 3814 'nus
224 3759 358 3816 librorum
383 3761 467 3814 aliam
490 3760 626 3831 originem
648 3777 733 3833 quam
756 3759 835 3830 prius
854 3759 1023 3838 nonhabet,
1039 3759 1130 3829 ipsum
1145 3760 1240 3829 potius

149 3864 179 3919 in
193 3866 249 3921 duo
264 3882 371 3938 genera
392 3865 437 3920 vel
457 3864 579 3919 familias
600 3864 780 3921 dividendum
802 3869 855 3920 est.
893 3863 949 3921 Sed
971 3863 1120 3920 diversitas
1142 3847 1240 3918 horum

151 3988 223 4042 quae
244 3969 309 4026 olim
329 3971 424 4025 fuerat
445 3988 478 4026 eo
502 3969 592 4043 magis
613 3969 750 4040 paulatim
772 3968 923 4025 obscurata
945 3973 975 4025 et
990 3969 1114 4024 extincta
1130 3967 1242 4023 videtur

151 4093 230 4141 esse,
246 4094 302 4148 quo
317 4076 445 4147 pluribus
465 4074 638 4145 eomupielis
654 4074 838 4147 singuli'libri
853 4075 901 4148 qui
916 4073 1120 4156 posterioribus
1136 4078 1239 4143 tempo-

150 4181 227 4237 ribus
254 4180 481 4238 conficiebantur
507 4179 657 4236 dcformati
680 4183 754 4237 sunt.
786 4177 830 4234 Ac
853 4180 922 4235 satis
949 4178 1140 4251 quoquesslqoc
1166 4195 1241 4232 nunc
