3020 4922
750 458 942 520 -g..

303 648 377 728 tolo]
391 653 420 707 in
437 651 550 710 111.11
564 669 628 724 gen.
645 652 682 707 ad
697 655 822 721 spectata
837 651 977 707 adiectum
992 656 1036 708 cst
1049 651 1220 708 vocabulum
1234 649 1320 717 satta,
1335 652 1390 707 sed

302 759 443 830 glossema
457 775 520 813 esse
535 757 590 812 iam
605 757 670 812 inde
685 761 814 827 apparet,
830 757 904 829 quod
914 757 948 811 in
964 756 1027 812 aliis
1041 755 1121 812 libris
1144 756 1192 812 alii
1213 756 1276 811 loco
1299 755 1390 810 inser·

302 867 362 918 tum
377 865 429 917 est.
446 894 487 904 -
503 858 552 923 (la.
567 855 618 936 20,
642 855 676 922 14
699 857 771 926 Ouio
793 858 883 932 tollar
903 856 1172 936 esperptsctmlai?]
1193 860 1283 926 Quam
1303 859 1390 916 foede
1491 837 1492 851 ἵ

304 967 340 1022 ab
356 965 496 1022 inferioris
517 964 620 1021 aetatis
634 965 757 1020 librariis
772 966 880 1036 scripta
891 965 1007 1022 Sallusti
1023 970 1162 1036 conrupta
1177 965 1244 1031 sint,
1259 963 1305 1019 hic
1320 981 1390 1036 quo·

303 1089 357 1144 que
372 1071 452 1127 locus
466 1071 656 1137 demonstrat,
677 1087 741 1125 cum
755 1070 882 1126 nonnulli
896 1068 976 1142 libri,
998 1070 1071 1126 inter
1085 1088 1156 1142 quos
1171 1070 1217 1125 ille
1239 1064 1277 1140 p³
1297 1069 1390 1126 verba

303 1180 330 1229 et
351 1173 488 1245 capessite
508 1170 728 1244 rempublicam
749 1192 783 1230 ex
803 1174 853 1235 Oa.
869 1172 920 1242 52,
937 1172 956 1230 5
977 1176 1145 1246 deprompta
1166 1175 1270 1246 partim
1291 1191 1391 1246 super·

302 1281 410 1352 scripta
430 1281 533 1354 partim
552 1280 582 1335 in
597 1284 704 1336 textum
718 1284 834 1351 recepta
849 1285 974 1336 teneant.
988 1309 1026 1320 —
1040 1275 1088 1342 Ga.
1099 1274 1144 1355 21,
1159 1278 1174 1343 1
1194 1277 1311 1333 Tametsi
1329 1275 1390 1332 illis

302 1383 396 1455 quieta
420 1380 548 1461 movere]
568 1402 620 1455 pro
640 1384 741 1456 quibus
762 1385 793 1439 in
809 1385 847 1440 14
863 1385 883 1440 l.
898 1385 929 1440 11
943 1401 1008 1457 gen.
1024 1384 1071 1440 vel
1090 1383 1210 1453 quietam
1232 1379 1389 1453 rempubl.

303 1491 350 1546 vel
369 1503 428 1543 rem
445 1505 474 1560 p.
490 1504 537 1560 qa.
552 1490 665 1562 legitur.
684 1521 722 1534 -
739 1486 786 1552 Ga.
801 1485 876 1561 ²22¹
894 1487 961 1542 Cam
974 1487 1014 1542 ael
1026 1485 1225 1542 temerandam
1237 1484 1390 1558 popularis

303 1591 422 1649 sceleris
442 1592 488 1647 sai
509 1589 653 1670 adiperet]
673 1594 801 1651 Dietsch.
823 1595 859 1650 ad
878 1595 906 1655 h.
922 1595 941 1650 l.
958 1595 1089 1651 adnotat:
1112 1593 1204 1660 ‚multi
1222 1593 1390 1665 posterioris
1493 1640 1494 1668 ,

303 1700 405 1756 aetatis
427 1699 493 1756 libri
513 1701 550 1754 ad
568 1696 719 1770 popularis
741 1701 787 1756 vel
809 1698 937 1754 censatos
952 1700 998 1756 vel
1013 1697 1106 1752 scalea
1121 1699 1265 1754 adiciunt‘.
1284 1729 1321 1739 —
1339 1695 1388 1760 (la.

285 1762 350 1881 'Q
365 1800 385 1866 2
400 1802 549 1858 Pecuniam
569 1818 623 1857 aaa
642 1809 693 1858 cat
710 1803 864 1858 amicorum
879 1801 935 1874 fide
956 1798 1107 1879 sumptam]
1121 1804 1207 1859 Extat
1221 1803 1250 1858 in
1268 1801 1390 1859 101.11

303 1928 368 1984 gen.
384 1925 474 1965 wem.
492 1939 529 1952 -
547 1907 595 1972 Ga.
615 1903 668 1986 30,
692 1906 761 1972 3Εὲ
783 1907 896 1980 utrique
918 1905 956 1961 ad
976 1904 1073 1961 arbem
1096 1905 1278 1977 iaperatores
1297 1912 1390 1974 erant,

302 2013 419 2086 inpediti
440 2029 475 2068 ae
490 2011 709 2091 triompharent]
724 2015 828 2072 Variae
850 2015 880 2069 in
899 2013 1040 2070 nonnullis
1062 2013 1233 2084 scripturae:
1257 2010 1391 2082 impedito

302 2122 349 2178 vel
372 2118 410 2174 ad
428 2115 526 2174 arbem
548 2117 677 2173 consules
696 2124 780 2173 erant
807 2119 853 2176 vel
867 2134 902 2172 ae
917 2115 1076 2173 cotiltoorti
1090 2113 1220 2187 triumplu.
1237 2117 1283 2173 vel
1297 2131 1332 2170 oe
1346 2114 1391 2170 illi
1494 2133 1495 2194 ;

303 2222 517 2296 triompbareat.
532 2255 576 2266 —
591 2222 639 2288 (la.
654 2220 698 2300 01,
713 2221 732 2287 3
746 2222 884 2278 miserari
896 2236 1004 2294 porcos
1016 2218 1133 2291 liberos,
1145 2219 1284 2293 rogitare,
1297 2220 1391 2275 ornatu
1494 2197 1495 2223 ⁴

301 2320 429 2412 pavere]
446 2331 520 2402 quod
534 2329 581 2385 hic
595 2330 625 2385 in
639 2329 734 2386 multis
749 2329 828 2385 libris
844 2329 880 2383 ad
900 2327 1029 2399 ropitare
1051 2327 1191 2384 adiectum
1207 2330 1252 2382 est
1265 2325 1390 2383 voeabu-

303 2437 361 2491 lum
376 2432 452 2502 deos,
466 2453 547 2490 nemo
563 2435 701 2490 editorum
716 2434 808 2489 adbuc
817 2435 847 2489 in
857 2438 965 2490 textum
975 2433 1097 2505 recepit3
1114 2437 1214 2489 eontra
1225 2433 1390 2488 coniectura
1495 2507 1496 2514 ¹

304 2540 354 2596 illa
369 2529 496 2596 Gruteri:
512 2536 641 2610 recitare
657 2537 758 2606 emam,
773 2537 865 2592 omnia
877 2552 985 2609 pavere
1000 2539 1164 2611 dignissima
1177 2538 1290 2593 videtur
1305 2539 1390 2610 quain
1495 2547 1496 2586 t

303 2645 465 2716 probemus.
483 2675 521 2685 -
534 2640 583 2707 Ca.
594 2639 638 2719 31,
650 2640 670 2707 7
678 2641 826 2714 postulare
837 2639 1006 2713 patratas
1023 2657 1046 2699 e.
1061 2658 1097 2697 ae
1110 2640 1179 2714 qaid
1193 2639 1227 2696 de
1241 2657 1273 2695 se
1288 2647 1390 2696 umere
1495 2673 1496 2696 l

305 2739 444 2831 madeat]
481 2749 563 2816 Quod
584 2766 648 2805 cum
672 2749 702 2804 in
724 2749 925 2806 vetustioribus
952 2749 1039 2804 fuerit
1062 2748 1159 2816 libris,
1185 2746 1389 2804 recentioribus

304 2855 447 2927 plerisque
461 2869 480 2907 a
492 2850 624 2924 patribus
640 2852 731 2924 eoepit
745 2853 950 2925 exhibentibus,
965 2871 1017 2925 pro
1038 2857 1115 2910 corto
1130 2853 1277 2919 habemus,
1293 2851 1345 2908 has
1361 2858 1390 2908 et

305 2960 376 3015 alias
390 2960 543 3016 lectionum
557 2960 736 3015 diversitates
758 2977 792 3015 ex
811 2960 917 3015 usitata
938 2959 988 3014 illa
1007 2963 1077 3014 nota
1091 2958 1125 3016 P.
1142 2958 1172 3014 0.
1188 2975 1245 3030 qua
1264 2962 1389 3028 patres

305 3065 507 3136 conscripti
528 3063 708 3136 significatur
728 3069 805 3120 ortas
828 3081 899 3120 essa.
937 3063 1041 3118 Mirum
1063 3068 1158 3119 eutem
1178 3067 1223 3119 est
1240 3080 1276 3118 ao
1295 3067 1389 3118 tamen

305 3170 399 3225 multis
420 3170 482 3226 aliis
504 3170 671 3226 testimoniis
697 3169 876 3240 comprobari
901 3173 1013 3240 potest,
1041 3172 1162 3240 quantas
1187 3186 1388 3241 nonnunquam

305 3274 485 3330 difficultates
501 3276 636 3331 eiusmodi
654 3279 739 3331 notae
753 3275 876 3330 librariis
891 3291 1003 3330 sensum
1018 3274 1164 3344 scriptoris
1179 3273 1388 3344 explorantibus

305 3381 508 3451 excitaverint3
529 3381 570 3435 sic
586 3379 636 3436 Ca.
653 3378 703 3451 42,
720 3377 738 3435 3
761 3394 797 3433 aa
813 3376 841 3434 S.
858 3377 887 3434 C.
907 3375 948 3456 (id
971 3379 1047 3451 quod
1071 3382 1128 3435 est:
1153 3396 1187 3433 ex
1208 3379 1300 3435 senati
1323 3396 1388 3434 con·

306 3480 393 3560 sulto)
408 3485 437 3539 in
451 3485 592 3541 nonnullis
607 3485 637 3540 Il
652 3502 715 3556 gen.
732 3485 810 3541 libris
825 3485 854 3540 in
869 3498 906 3537 aa
921 3479 1007 3538 sociis
1030 3480 1168 3536 Catilinae
1187 3488 1326 3538 mutatum
1347 3487 1390 3540 est

306 3594 336 3646 et
350 3591 477 3646 similiter
495 3590 538 3644 Iu.
557 3586 609 3657 32,
626 3587 645 3646 5
661 3585 698 3642 Aa
712 3587 828 3644 &satas
847 3603 877 3659 p.
898 3603 925 3646 r.
949 3584 980 3666 (i.
1001 3606 1026 3644 e.
1050 3589 1161 3660 perlata
1180 3586 1341 3661 rogatione)
1360 3588 1388 3642 in

303 3691 425 3764 popalus
441 3708 574 3748 romanas
588 3694 634 3750 vel
646 3699 767 3764 praetor
782 3707 888 3749 ransom
915 3694 1018 3766 Itaque
1032 3697 1129 3749 nostro
1144 3693 1208 3749 loco
1224 3693 1300 3766 quod
1314 3691 1388 3748 solus

306 3800 429 3855 omnium
443 3799 577 3858 librorum
590 3819 618 3855 m
633 3800 760 3856 exhibet:
779 3803 880 3869 patres
896 3812 920 3853 c.
936 3799 1076 3871 integram
1090 3797 1207 3854 Sallusti
1222 3798 1389 3868 scripturam

306 3907 442 3974 continet,
458 3911 487 3961 et
501 3906 703 3962 restituendum
717 3906 805 3977 igitur
825 3904 879 3960 erit
892 3904 921 3959 in
936 3909 1015 3960 textu
1041 3904 1187 3975 scriptoris
1204 3907 1304 3973 patres
1323 3915 1388 3958 eoae-

306 4009 408 4080 acrs'pti
421 4025 466 4079 ae,
481 4013 556 4083 quod
569 4012 642 4067 idem
657 4012 713 4066 iam
728 4011 866 4068 Gruterus
892 4010 1061 4066 coniecerat.
1095 4008 1165 4065 (lum
1179 4026 1246 4065 vero
1261 4009 1388 4071 Diatsch.

306 4112 419 4192 (comm.
441 4133 468 4186 p.
493 4111 566 4192 108)
589 4116 704 4188 Selling.
729 4117 868 4172 emendat.
892 4133 921 4186 p.
943 4113 981 4170 21
1006 4110 1102 4190 (quam
1128 4115 1389 4170 commentationem

305 4220 433 4276 nancisci
453 4239 511 4276 non
531 4217 671 4299 poteram)
692 4226 806 4278 secutus
828 4223 905 4278 illam
920 4221 1069 4276 lectionem
1088 4220 1281 4292 repudiaverit
1294 4227 1390 4275 monn?
