3020 4922
568 476 759 538 ..5-

116 670 202 742 petit,
219 688 282 726 oum
295 670 325 726 in
337 668 394 726 hee
409 669 599 742 disputatione
615 671 784 742 permultum
797 676 896 728 nostre
910 672 1039 742 intersit,
1055 689 1104 729 eas
1118 674 1204 744 potis-

117 777 219 832 simum
230 775 384 846 scripturas
395 774 538 848 conligere
549 792 585 832 ae
595 777 771 846 perpendere
783 794 854 849 ques
868 778 997 848 proprias
1010 795 1072 834 esse
1089 779 1204 834 alterius

118 881 232 953 generis
248 881 317 936 satis
333 885 505 951 compertum
520 880 565 936 sit.
595 880 668 938 Nem
683 881 707 936 si
722 882 875 952 exploratis
896 883 936 938 eis
951 887 1118 954 appareret,
1137 901 1204 940 non-

117 984 212 1041 nullas
225 985 352 1059 integras
364 982 480 1041 Sallusti
499 985 654 1056 scripturas
665 991 776 1041 tantum
790 985 820 1040 in
835 987 883 1042 alt.
900 1005 965 1059 gen.
978 989 1025 1044 vel
1040 987 1069 1042 in
1083 988 1204 1043 maxima

117 1094 202 1161 parte
218 1091 278 1146 eius
293 1094 400 1157 extare,
415 1090 564 1147 devotare
581 1091 641 1147 eius
656 1091 765 1164 origine
780 1096 809 1147 et
819 1093 926 1147 virtute
937 1091 1061 1148 dubitari
1076 1092 1132 1148 iam
1146 1109 1203 1147 non

116 1201 231 1267 posset3
246 1194 290 1251 sin
304 1195 334 1249 in
349 1194 467 1268 singulis
482 1199 593 1250 tentum
606 1195 664 1250 hui.
677 1212 743 1268 gen.
758 1195 838 1252 libris
852 1196 990 1253 eiusmodi
1003 1196 1128 1269 vestigia
1140 1214 1203 1267 per-

117 1299 285 1370 spiciemus,
303 1298 377 1356 hane
395 1316 547 1370 paucorum
562 1300 697 1356 librorum
712 1301 916 1372 praestantiam
936 1317 993 1356 non
1013 1301 1048 1357 de
1068 1305 1129 1358 toto
1156 1319 1203 1374 ge·

117 1422 187 1462 nere
201 1405 360 1480 praedicari
374 1404 479 1462 debere
493 1405 673 1461 manifestum
688 1406 749 1465 erit.
779 1406 913 1463 Ceterum
933 1423 997 1463 eum
1010 1406 1086 1463 inter
1105 1423 1203 1462 omnes

119 1514 244 1578 constet,
264 1513 335 1581 quot
348 1515 378 1565 et
399 1510 512 1582 quantia
534 1510 708 1582 oonruptelis
727 1495 899 1568 recentiores
918 1510 984 1567 libri
1005 1510 1114 1568 foedati
1135 1509 1201 1576 sint,

118 1631 216 1670 omnes
238 1631 286 1670 ees
307 1614 456 1671 oeoasione
478 1615 547 1671 deta
567 1614 670 1671 iterum
692 1619 779 1688 atque
800 1616 902 1673 iterum
922 1631 1055 1672 enarrare
1075 1616 1162 1687 longe
1184 1631 1203 1669 a

118 1719 236 1775 oonsilio
250 1724 346 1775 nostro
362 1718 445 1776 abest
453 1712 485 1798 ¹).

206 1845 288 1912 Catil.
314 1845 351 1925 2,
377 1845 392 1912 1
417 1848 506 1922 ἐρίων
531 1849 562 1904 in
587 1846 684 1928 inito]
708 1851 828 1925 legimus
854 1850 883 1906 in
910 1848 949 1907 13
975 1851 1055 1908 libris
1080 1851 1110 1906 11
1135 1868 1200 1923 gen.

118 1949 161 2030 (iu
175 1971 246 2009 uno:
268 1949 423 2030 atiniae),
444 1972 506 2010 oum
521 1955 614 2011 eidem
628 1955 689 2012 fere
709 1957 775 2012 libri
797 1957 882 2012 etiam
902 1954 952 2012 Ca.
975 1954 1005 2024 2,
1028 1955 1048 2012 4
1068 1953 1099 2009 s'a
1120 1952 1201 2008 initio

117 2059 193 2115 mals
215 2058 366 2116 exhibeant
388 2064 417 2116 et
438 2060 513 2116 idem
536 2058 586 2116 Oa.
610 2058 640 2128 3,
658 2062 693 2133 33
710 2059 740 2130 6,
758 2061 791 2132 1;
815 2060 842 2129 6,
859 2059 877 2117 7
893 2060 1059 2133 plerumque
1080 2060 1202 2115 maxima

117 2181 186 2234 pars
210 2164 321 2220 illorum
347 2166 474 2222 eodioum
498 2164 533 2221 of.
558 2165 608 2222 Ca.
632 2163 683 2238 39,
705 2164 740 2238 ὃς
767 2163 818 2238 56,
841 2164 859 2221 2
884 2171 914 2221 et
935 2162 965 2222 5.
995 2166 1080 2222 Falso
1107 2169 1201 2220 autem

118 2268 249 2325 omnibus
268 2269 313 2326 hie
332 2270 402 2327 loeis
423 2270 660 2342 praepositionem
683 2288 700 2326 e
721 2269 843 2327 librariis
865 2271 989 2328 additam
1009 2285 1071 2328 esse
1094 2274 1123 2326 et
1145 2287 1201 2326 om·

118 2372 186 2430 nino
206 2374 282 2430 haud
304 2377 401 2448 magni
422 2374 555 2431 momenti
580 2379 624 2432 est
649 2380 679 2431 et
698 2375 820 2432 fortasse
843 2393 877 2436 ex
896 2392 1033 2447 perversa
1052 2375 1204 2446 primarum

117 2478 278 2535 litterarum
292 2479 367 2537 illius
380 2479 462 2537 verbi
484 2481 673 2554 geminatione
688 2481 822 2553 explicari
836 2485 942 2552 potest.
957 2512 1001 2524 —
1016 2477 1064 2543 (ld.
1080 2476 1108 2556 4,
1122 2477 1142 2544 2
1157 2479 1203 2534 s'ss-

119 2587 198 2653 eepto
213 2580 374 2661 studioque]
389 2585 530 2656 particula
545 2586 640 2654 quein
657 2584 676 2645 8
690 2586 754 2642 libr.
770 2586 801 2641 ΙΙ
815 2602 880 2658 gen.
895 2590 1048 2657 propterea
1067 2585 1204 2642 excidisse

117 2686 201 2744 nobis
216 2689 342 2763 videtur,
358 2690 433 2762 quod
447 2690 519 2746 haee
534 2689 623 2747 verba
637 2689 674 2747 ab
690 2691 744 2747 illis
759 2690 882 2747 librariis
896 2706 953 2747 non
967 2694 1044 2747 reete
1058 2690 1204 2747 intellecta

119 2797 216 2865 erant3
233 2797 262 2849 et
276 2794 405 2850 similiter
417 2794 468 2851 Ca.
482 2794 513 2865 9,
530 2795 546 2850 1
564 2794 609 2849 ius
625 2792 786 2866 bonumne,
803 2814 866 2852 oum
881 2796 910 2850 in
924 2795 1065 2852 nonnullis
1079 2794 1158 2851 libris
1173 2795 1203 2851 II

118 2916 185 2970 gen.
201 2913 253 2976 que
268 2899 357 2972 desit,
371 2900 400 2954 in
414 2918 434 2971 p
449 2899 568 2974 legitur:
591 2896 691 2954 bouum
704 2899 872 2972 iusticiaque
888 2905 917 2956 et
930 2901 960 2956 in
974 2894 1025 2972 p⁸:
1048 2898 1095 2954 s'us
1113 2897 1203 2974 leqole

119 2999 281 3073 tonumque.
300 3034 338 3048 -
355 3002 404 3067 ca.
420 2999 457 3080 5,
473 3001 492 3066 8
513 3001 671 3059 Incitabant
685 2995 789 3088 [mm]
807 3001 978 3083 praetereo]
992 3005 1038 3061 vel
1058 3002 1136 3059 illum
1156 3006 1202 3062 vel

116 3111 271 3177 praetereo
286 3123 346 3162 eum
360 3110 493 3180 permulti
507 3111 537 3165 II
552 3127 618 3183 gen,
633 3110 653 3165 1.
669 3111 798 3183 tradunt,
820 3111 870 3167 sed
884 3110 940 3167 hoe
958 3127 1113 3181 pronomen
1129 3110 1202 3183 glos-

118 3230 195 3268 sema
211 3231 274 3270 esse
287 3214 343 3268 iam
364 3214 429 3272 inde
449 3219 569 3286 apparet
590 3217 665 3288 quod
687 3215 742 3271 alio
757 3216 787 3270 in
801 3215 864 3272 aliia
878 3215 958 3272 libris
973 3215 1036 3272 looo
1050 3216 1201 3272 invenitur.

116 3348 161 3358 —
175 3315 224 3381 Ca.
241 3317 270 3393 8,
285 3315 304 3382 4
324 3315 368 3372 lta
383 3333 479 3374 eorum
493 3319 541 3391 qui
556 3311 634 3403 [eo]
646 3320 747 3398 secere
764 3318 857 3374 uirtus
880 3325 957 3374 meta
976 3315 1111 3398 labetur]
1132 3321 1201 3376 Cum

118 3425 213 3478 omnes
234 3424 299 3484 libr.
320 3429 435 3495 praeter
455 3420 494 3497 p³
515 3421 545 3481 s¹
565 3426 576 3480 l
598 3443 751 3497 pronomen
774 3439 807 3479 ea
829 3425 876 3481 hio
905 3425 1081 3496 praebeant,
1106 3429 1201 3482 tamen

117 3528 281 3585 Dietsobius
302 3529 363 3588 iure
377 3530 406 3586 id
427 3531 612 3589 omittendum
628 3548 690 3588 esse
705 3531 835 3599 censuit,
851 3533 900 3587 sed
922 3535 1016 3586 tamen
1038 3531 1201 3588 oonieeture

117 3703 350 3717 ῃ

189 3811 206 3879 1)
218 3809 272 3866 Sed
285 3810 337 3866 hoo
353 3811 413 3867 loeo
429 3812 592 3868 monendum
611 3818 668 3882 est,
687 3813 716 3867 in
733 3810 873 3881 Iugurtha,
892 3817 963 3866 teste
980 3810 1095 3878 Rothio,
1114 3811 1200 3865 diver·

116 3895 223 3951 sitatem
236 3899 378 3968 utriusque
391 3900 522 3955 librorum
540 3902 648 3970 generis
665 3901 751 3970 magis
767 3899 911 3969 perspicue
929 3904 957 3953 et
973 3913 1102 3967 expresse
1119 3913 1200 3968 appa

115 3999 176 4038 rere
193 3998 273 4050 quam
289 3984 319 4037 in
336 3983 464 4052 Catilium
480 3991 624 4054 praeterea
640 3991 730 4040 autem
748 3987 917 4041 Dietschium
936 3986 978 4055 ,ad
996 3987 1048 4040 XX
1066 3985 1199 4040 Catilinae

116 4071 206 4139 capita
216 4071 304 4140 prima
321 4086 392 4125 omn
401 4087 433 4126 es
450 4071 606 4127 exhibuisse
622 4073 754 4128 librorum
767 4076 932 4143 scripturas,
950 4089 1018 4142 quae
1031 4073 1056 4127 ei
1069 4074 1200 4128 innotuis-

117 4160 184 4213 sent‘
203 4157 236 4212 ef.
254 4158 339 4227 praet.
356 4176 382 4229 p.
394 4159 442 4227 Vl,
459 4175 540 4228 quam
557 4160 590 4214 ob
609 4177 666 4215 rem
683 4160 746 4215 illae
763 4166 856 4230 partes
874 4163 989 4216 maxime
1005 4160 1120 4218 idoneae
1139 4178 1199 4217 esse

115 4244 243 4301 videntur
255 4261 323 4316 quas
335 4247 489 4303 accuratius
500 4248 722 4317 pervestigamus.
734 4279 769 4290 —
