3020 4922
752 476 945 538 ..6.-

309 670 404 741 potius
426 687 494 725 usus
518 674 547 726 et
568 668 735 742 Hieronymi
756 669 849 724 locum
870 667 935 742 (vit.
953 665 982 724 δ’.
998 669 1135 726 Hilarior.
1153 665 1210 746 1.),
1231 687 1287 741 quo
1307 670 1399 726 verba

309 775 359 829 illa
373 775 541 846 laudantur,
557 780 670 831 secutus
686 792 772 846 quam
785 775 869 829 trium
883 774 995 830 illorum
1009 774 1074 830 libr.
1090 775 1262 831 auctoritate
1278 793 1399 832 commo·

308 885 371 950 tns;
394 879 432 933 cf.
458 896 556 938 comm.
579 898 609 952 p.
634 877 922 935 scaranensem
945 878 1074 935 omnibus
1101 880 1150 951 qui
1178 878 1234 935 huc
1253 881 1400 952 pertinent

307 984 377 1040 locis
399 984 512 1055 penitus
537 984 696 1059 perspectis
719 988 749 1040 et
768 983 843 1039 inter
865 1002 895 1039 se
921 983 1091 1054 comparatis
1115 985 1253 1056 quomodo
1279 984 1400 1041 bilibri

308 1089 546 1160 praestantiorum
573 1089 650 1143 illam
677 1089 828 1144 lectionem
852 1087 931 1143 nacti
958 1088 1015 1144 sint
1039 1088 1177 1144 similibus
1197 1089 1268 1144 locis
1292 1090 1398 1144 adlatis

307 1194 500 1250 demonstrare
515 1195 687 1252 conabimur.
706 1221 744 1236 -··
761 1189 809 1256 Ca.
825 1189 872 1269 10,
888 1189 907 1256 4
922 1190 1044 1262 Namque
1052 1191 1186 1248 coasilia
1200 1191 1282 1263 fidem
1293 1189 1399 1264 probi-

308 1302 392 1354 tatem
407 1303 572 1368 ceterosque
592 1294 679 1352 bonas
698 1294 794 1374 urica]
815 1298 856 1354 sic
878 1302 990 1353 tantum
1011 1299 1041 1352 in
1055 1292 1098 1352 P*
1114 1302 1143 1354 et
1158 1296 1176 1353 9
1192 1298 1211 1353 l.
1227 1299 1258 1353 11
1272 1315 1338 1371 gen.
1353 1295 1373 1376 (¹

306 1402 436 1475 reliquis:
460 1408 539 1458 artes
562 1399 661 1480 bonos)
682 1403 803 1476 legitnr;
830 1420 914 1475 quam
936 1402 1086 1459 lectionem
1109 1416 1159 1459 cur
1178 1403 1342 1460 Dietschius
1365 1405 1398 1460 in

307 1512 414 1563 textum
429 1525 486 1580 non
501 1508 655 1580 receperit,
669 1524 769 1578 parum
783 1508 887 1580 liquet,
909 1508 1076 1579 praesertim
1092 1524 1156 1564 cum
1169 1508 1244 1565 inter
1260 1506 1300 1563 12
1315 1509 1396 1564 locos

306 1611 457 1684 inquibus
480 1612 629 1670 Sallustius
651 1612 747 1669 verbis
768 1608 856 1666 bonas
877 1617 957 1666 artes
978 1629 1045 1668 usus
1069 1613 1107 1668 sit
1128 1613 1227 1669 novies
1250 1613 1325 1668 iusta
1345 1613 1397 1668 illa

305 1716 456 1773 verborum
471 1719 628 1775 conlocatio
641 1719 808 1788 optimorum
822 1717 886 1774 libr.
903 1735 1042 1774 consensu
1057 1716 1251 1790 confirmetur3
1268 1722 1395 1775 ceterum

305 1819 367 1878 fore
381 1823 521 1880 neminem
536 1821 702 1882 confidimus
714 1823 763 1895 qui
778 1841 812 1878 ex
822 1823 878 1879 hoc
888 1829 984 1879 nostro
996 1823 1059 1880 loco
1070 1823 1100 1877 Π
1111 1823 1210 1895 generi
1220 1823 1393 1894 praesidium

305 1944 408 1997 parare
423 1928 502 1984 velit.
519 1957 559 1972 --
575 1925 622 1990 Ga.
637 1922 686 2003 12,
701 1922 721 1990 5
743 1926 836 1981 omnia
857 1942 890 1980 ea
910 1926 998 1983 sociis
1013 1925 1139 1981 adimere
1153 1942 1225 1998 qaae
1239 1926 1393 1997 fortissimi

305 2029 364 2084 ciri
375 2030 498 2087 victores
512 2029 637 2088 hostibus
652 2028 844 2108 reliquerant]
859 2033 901 2088 sic
911 2034 1037 2089 nonnulli
1047 2033 1113 2089 libr.
1124 2033 1154 2088 11
1166 2051 1232 2106 gen.
1244 2033 1392 2105 exhibent3

305 2138 355 2192 sed
375 2137 459 2211 longe
480 2139 593 2210 plurimi
607 2138 679 2211 h.'g.
697 2143 726 2194 ct
748 2154 844 2194 ornnes
863 2139 879 2193 I
898 2155 963 2210 gen.
979 2134 1105 2192 hostibus
1125 2138 1293 2205 omiserunt,
1316 2141 1393 2212 quod

305 2242 365 2298 sine
387 2241 473 2299 dubio
494 2259 512 2299 a
533 2242 615 2302 nobis
637 2260 747 2315 quoque
769 2243 976 2313 repudiandum
991 2244 1061 2311 erit,
1088 2261 1249 2316 quanquam
1262 2248 1392 2301 veterum

305 2344 422 2402 Sallusti
449 2348 587 2405 editorum
606 2347 721 2416 Rivius,
749 2347 920 2415 Oiaeeonus,
941 2348 1076 2415 Ursinus,
1098 2348 1251 2416 Gruterus,
1274 2348 1392 2421 Popma,

305 2451 415 2508 scilicet
428 2456 461 2508 nt
475 2452 688 2527 congruentiam
711 2454 851 2525 quandam
868 2458 897 2511 et
911 2453 1131 2509 concinnitatem
1144 2454 1233 2510 totius
1248 2455 1392 2510 enunciati

304 2557 497 2629 restituerent,
511 2552 636 2613 Metitur
647 2558 693 2614 vel
707 2555 790 2611 uictis
804 2559 981 2629 recipiebant
994 2558 1116 2630 itemque
1132 2559 1206 2614 inter
1219 2561 1392 2618 recentiores

303 2660 396 2721 Kritz.
417 2668 526 2734 septem
545 2662 632 2720 libros
652 2666 775 2719 secutus.
813 2663 977 2719 Dietschius
1000 2668 1095 2719 autem
1117 2663 1215 2735 quiin
1237 2664 1304 2720 edit.
1324 2665 1391 2721 min.

306 2764 388 2824 1846
405 2768 523 2824 eandem
542 2767 691 2824 lectionem
713 2785 829 2838 ,summo
844 2767 937 2823 studio
953 2767 1127 2824 defenderat‘
1150 2784 1212 2824 eam
1227 2786 1302 2825 nunc
1316 2770 1391 2842 glos-

304 2888 381 2926 sema
406 2871 514 2927 iudicat
539 2873 731 2928 demonstrata
757 2871 822 2928 talis
848 2872 1034 2928 additamenti
1058 2873 1255 2943 perversitate.
1301 2875 1392 2931 Recte

303 2993 417 3048 quoque
438 2994 466 3033 v.
488 2977 516 3031 d.
538 2977 662 3049 Kviqala
682 2977 845 3033 Zeitsohriit
864 2976 1010 3034 furenter.
1028 2976 1164 3051 Gymnas.
1184 2976 1265 3036 1863
1281 2997 1310 3050 p.
1327 2977 1391 3036 580

304 3078 408 3137 -626
437 3077 651 3158 (interpretatur
674 3099 741 3138 vero
767 3083 808 3139 ibi
834 3083 937 3139 multos
959 3082 1128 3139 difficiliores
1148 3084 1226 3141 locos
1249 3084 1391 3140 Catilinae

303 3191 386 3243 acuto
404 3192 433 3244 et
448 3193 581 3246 accurato
597 3188 699 3245 iudicio
714 3183 795 3264 usus)
814 3188 967 3259 intellexit,
982 3188 1070 3246 verbo
1087 3187 1173 3251 sociis
1187 3189 1288 3245 iamin
1309 3201 1391 3262 prae-

302 3292 418 3348 cedenti
440 3294 589 3352 erunciato
615 3293 685 3348 illud
700 3290 782 3346 ciclis
800 3294 960 3364 oppositum
975 3311 1038 3350 esse
1055 3298 1084 3350 et
1098 3299 1248 3366 praeterea
1267 3313 1302 3351 ex
1316 3297 1391 3367 plus-

302 3397 516 3470 quamperfecto
532 3395 710 3468 reliquerant
728 3397 798 3453 satis
818 3396 897 3454 firme
913 3414 1066 3470 apparere,
1082 3397 1245 3455 Sallustium
1259 3400 1313 3456 hoo
1327 3401 1389 3458 loco

301 3503 344 3559 de
356 3503 461 3559 eisdem
475 3504 588 3575 populis
600 3510 686 3576 atque
698 3509 783 3558 antea
795 3503 930 3576 cogitare.
956 3503 1047 3560 Nobis
1058 3520 1126 3562 vero
1137 3504 1207 3560 talia
1218 3505 1391 3578 glossemata

300 3607 391 3680 magis
405 3609 550 3680 magisque
562 3609 743 3682 persuadent,
755 3608 887 3665 librarios
902 3613 931 3665 et
943 3614 1121 3668 conrectores
1133 3609 1273 3668 inferioris
1284 3614 1388 3670 aetatis

302 3713 351 3787 qni
361 3719 394 3768 ut
403 3713 601 3786 intellegerent
611 3718 641 3769 et
655 3713 840 3784 explanarent
854 3714 1032 3785 scriptorem,
1047 3715 1147 3772 maiori
1162 3733 1250 3787 opera
1265 3723 1294 3774 et
1309 3735 1386 3790 cura,

301 3835 386 3891 quarn
402 3819 531 3891 quiante
547 3837 595 3876 eos
611 3819 775 3876 Sallustium
786 3823 959 3874 tractassent
969 3820 1137 3890 niterentur,
1150 3838 1236 3894 saepe
1252 3823 1388 3880 obscuros

301 3924 347 3980 vel
363 3923 532 3981 difficiliores
551 3925 629 3981 locos
646 3942 680 3979 ex
701 3923 817 3981 arbitrio
839 3943 889 3981 suo
914 3926 1085 3982 emendasse.
1102 3955 1146 3968 —
1160 3924 1210 3990 Ga.
1225 3924 1269 4005 17,
1285 3923 1304 3990 5
1320 3944 1388 3984 coo-

302 4025 350 4080 sr'li
371 4025 488 4083 huiusce
504 4025 678 4106 participes]
707 4047 791 4103 quam
820 4031 960 4087 sinceram
985 4031 1135 4088 lectionem
1160 4033 1241 4089 multi
1266 4035 1296 4089 Π
1322 4053 1386 4107 gen.

300 4132 410 4190 librarii
430 4134 460 4190 in
474 4131 667 4190 huiuscemodi
681 4141 881 4206 conruperunt.
900 4167 939 4176 -
956 4131 1006 4198 Ca.
1021 4132 1065 4212 la,
1081 4132 1099 4199 3
1115 4132 1150 4190 ab
1166 4133 1305 4207 equitibus
1321 4136 1386 4192 His-

298 4238 383 4307 ponis
405 4252 474 4308 quos
495 4237 556 4292 sinc
575 4238 706 4293 coercita
728 4236 873 4307 ductabat,
898 4239 1084 4311 iterfaciens
1104 4241 1216 4296 cecina
1238 4238 1295 4320 est]
1323 4244 1387 4300 Etsi
