<?xml version="1.0" encoding="UTF-8"?>
<!DOCTYPE html PUBLIC "-//W3C//DTD XHTML 1.0 Transitional//EN"
    "http://www.w3.org/TR/xhtml1/DTD/xhtml1-transitional.dtd">
<html xmlns="http://www.w3.org/1999/xhtml" xml:lang="en" lang="en">
 <head>
  <title>
</title>
<meta http-equiv="Content-Type" content="text/html;charset=utf-8" />
  <meta name='ocr-system' content='tesseract 3.04.00' />
  <meta name='ocr-capabilities' content='ocr_page ocr_carea ocr_par ocr_line ocrx_word'/>
</head>
<body>
  <div class='ocr_page' id='page_1' title='image "./decsallusticrip00brengoog_0016.png"; bbox 0 0 3020 4922; ppageno 0'>
   <div class='ocr_carea' id='block_1_1' title="bbox 610 448 800 509">
    <p class='ocr_par' dir='ltr' id='par_1_1' title="bbox 610 448 800 509">
     <span class='ocr_line' id='line_1_1' title="bbox 610 448 800 509; baseline 0.011 -21"><span class='ocrx_word' id='word_1_1' title='bbox 610 448 800 509; x_wconf 83' lang='lat'>..9-</span> 
     </span>
    </p>
   </div>
   <div class='ocr_carea' id='block_1_2' title="bbox 161 637 1249 1029">
    <p class='ocr_par' dir='ltr' id='par_1_2' title="bbox 161 637 1249 1029">
     <span class='ocr_line' id='line_1_2' title="bbox 161 637 1249 716; baseline 0 -18"><span class='ocrx_word' id='word_1_2' title='bbox 161 643 270 716; x_wconf 87' lang='lat' dir='ltr'><strong>eritque</strong></span> <span class='ocrx_word' id='word_1_3' title='bbox 281 643 401 698; x_wconf 89' lang='lat' dir='ltr'><strong>lectores</strong></span> <span class='ocrx_word' id='word_1_4' title='bbox 416 638 527 711; x_wconf 76' lang='lat' dir='ltr'><strong>,portal</strong></span> <span class='ocrx_word' id='word_1_5' title='bbox 538 657 557 695; x_wconf 86' lang='lat' dir='ltr'><strong>a</strong></span> <span class='ocrx_word' id='word_1_6' title='bbox 568 637 700 712; x_wconf 80' lang='lat' dir='ltr'><strong>putribus</strong></span> <span class='ocrx_word' id='word_1_7' title='bbox 712 639 803 712; x_wconf 82' lang='lat' dir='ltr'><strong>coepit</strong></span> <span class='ocrx_word' id='word_1_8' title='bbox 812 659 908 698; x_wconf 90' lang='lat' dir='ltr'><strong>veram</strong></span> <span class='ocrx_word' id='word_1_9' title='bbox 923 641 1091 712; x_wconf 88' lang='lat' dir='ltr'><strong>scripturam</strong></span> <span class='ocrx_word' id='word_1_10' title='bbox 1106 657 1168 697; x_wconf 88' lang='lat' dir='ltr'><strong>esse</strong></span> <span class='ocrx_word' id='word_1_11' title='bbox 1184 659 1249 698; x_wconf 90' lang='lat' dir='ltr'><strong>oon·</strong></span> 
     </span>
     <span class='ocr_line' id='line_1_3' title="bbox 161 746 1249 818; baseline 0 -16"><span class='ocrx_word' id='word_1_12' title='bbox 161 747 267 802; x_wconf 89' lang='lat' dir='ltr'><strong>firmari</strong></span> <span class='ocrx_word' id='word_1_13' title='bbox 286 763 338 817; x_wconf 90' lang='lat' dir='ltr'><strong>per</strong></span> <span class='ocrx_word' id='word_1_14' title='bbox 351 747 558 803; x_wconf 90' lang='lat' dir='ltr'><strong>vetustissimos</strong></span> <span class='ocrx_word' id='word_1_15' title='bbox 582 747 711 818; x_wconf 89' lang='lat' dir='ltr'><strong>codices‘,</strong></span> <span class='ocrx_word' id='word_1_16' title='bbox 731 747 792 802; x_wconf 91' lang='lat' dir='ltr'><strong>iure</strong></span> <span class='ocrx_word' id='word_1_17' title='bbox 810 747 842 802; x_wconf 82' lang='lat' dir='ltr'><strong>ei</strong></span> <span class='ocrx_word' id='word_1_18' title='bbox 865 746 1018 813; x_wconf 77' lang='lat' dir='ltr'><strong>obicietur,</strong></span> <span class='ocrx_word' id='word_1_19' title='bbox 1040 747 1160 816; x_wconf 90' lang='lat' dir='ltr'><strong>primum</strong></span> <span class='ocrx_word' id='word_1_20' title='bbox 1179 747 1249 802; x_wconf 90' lang='lat' dir='ltr'><strong>anti·</strong></span> 
     </span>
     <span class='ocr_line' id='line_1_4' title="bbox 163 847 1248 924; baseline 0 -17"><span class='ocrx_word' id='word_1_21' title='bbox 163 851 311 924; x_wconf 88' lang='lat' dir='ltr'><strong>quissimos</strong></span> <span class='ocrx_word' id='word_1_22' title='bbox 326 850 415 907; x_wconf 91' lang='lat' dir='ltr'><strong>libros</strong></span> <span class='ocrx_word' id='word_1_23' title='bbox 428 847 571 920; x_wconf 78' lang='lat' dir='ltr'><strong>patritus,</strong></span> <span class='ocrx_word' id='word_1_24' title='bbox 585 869 642 907; x_wconf 91' lang='lat' dir='ltr'><strong>non</strong></span> <span class='ocrx_word' id='word_1_25' title='bbox 657 866 676 904; x_wconf 83' lang='lat' dir='ltr'><strong>a</strong></span> <span class='ocrx_word' id='word_1_26' title='bbox 687 847 820 921; x_wconf 83' lang='lat' dir='ltr'><strong>putridas</strong></span> <span class='ocrx_word' id='word_1_27' title='bbox 835 850 977 919; x_wconf 88' lang='lat' dir='ltr'><strong>exhibere,</strong></span> <span class='ocrx_word' id='word_1_28' title='bbox 996 851 1062 906; x_wconf 89' lang='lat' dir='ltr'><strong>dum</strong></span> <span class='ocrx_word' id='word_1_29' title='bbox 1076 851 1248 922; x_wconf 81' lang='lat' dir='ltr'>praepositio</span> 
     </span>
     <span class='ocr_line' id='line_1_5' title="bbox 163 955 1249 1029; baseline 0.002 -21"><span class='ocrx_word' id='word_1_30' title='bbox 163 971 181 1008; x_wconf 85' lang='lat' dir='ltr'><strong>a</strong></span> <span class='ocrx_word' id='word_1_31' title='bbox 197 956 257 1012; x_wconf 90' lang='lat' dir='ltr'><strong>sine</strong></span> <span class='ocrx_word' id='word_1_32' title='bbox 272 956 358 1012; x_wconf 91' lang='lat' dir='ltr'><strong>dubio</strong></span> <span class='ocrx_word' id='word_1_33' title='bbox 373 973 392 1010; x_wconf 91' lang='lat' dir='ltr'><strong>a</strong></span> <span class='ocrx_word' id='word_1_34' title='bbox 405 957 611 1013; x_wconf 88' lang='lat' dir='ltr'><strong>recentioribus</strong></span> <span class='ocrx_word' id='word_1_35' title='bbox 630 955 752 1012; x_wconf 90' lang='lat' dir='ltr'><strong>librariis</strong></span> <span class='ocrx_word' id='word_1_36' title='bbox 777 974 834 1029; x_wconf 85' lang='lat' dir='ltr'><strong>qua</strong></span> <span class='ocrx_word' id='word_1_37' title='bbox 852 956 932 1012; x_wconf 90' lang='lat' dir='ltr'><strong>locus</strong></span> <span class='ocrx_word' id='word_1_38' title='bbox 947 961 1062 1012; x_wconf 88' lang='lat' dir='ltr'><strong>sanetur</strong></span> <span class='ocrx_word' id='word_1_39' title='bbox 1076 955 1188 1011; x_wconf 86' lang='lat' dir='ltr'><strong>adiecta</strong></span> <span class='ocrx_word' id='word_1_40' title='bbox 1204 956 1249 1027; x_wconf 90' lang='lat' dir='ltr'><strong>sit,</strong></span> 
     </span>
    </p>
   </div>
   <div class='ocr_carea' id='block_1_3' title="bbox 79 1059 1250 1133">
    <p class='ocr_par' dir='ltr' id='par_1_3' title="bbox 79 1059 1250 1133">
     <span class='ocr_line' id='line_1_6' title="bbox 79 1059 1250 1133; baseline 0.001 -21"><span class='ocrx_word' id='word_1_41' title='bbox 79 1105 80 1112; x_wconf 72' lang='grc'><strong>,</strong></span> <span class='ocrx_word' id='word_1_42' title='bbox 163 1061 264 1117; x_wconf 88' lang='lat' dir='ltr'><strong>deinde</strong></span> <span class='ocrx_word' id='word_1_43' title='bbox 286 1062 316 1116; x_wconf 91' lang='lat' dir='ltr'><strong>in</strong></span> <span class='ocrx_word' id='word_1_44' title='bbox 334 1059 406 1117; x_wconf 91' lang='lat' dir='ltr'><strong>libro</strong></span> <span class='ocrx_word' id='word_1_45' title='bbox 422 1079 479 1116; x_wconf 90' lang='lat' dir='ltr'><strong>non</strong></span> <span class='ocrx_word' id='word_1_46' title='bbox 493 1062 668 1132; x_wconf 74' lang='lat' dir='ltr'><strong>spernendae</strong></span> <span class='ocrx_word' id='word_1_47' title='bbox 683 1062 862 1118; x_wconf 73' lang='lat' dir='ltr'><strong>auctoritatis</strong></span> <span class='ocrx_word' id='word_1_48' title='bbox 878 1062 902 1116; x_wconf 83' lang='grc' dir='ltr'>Ε</span> <span class='ocrx_word' id='word_1_49' title='bbox 917 1079 1003 1133; x_wconf 87' lang='lat' dir='ltr'><strong>supra</strong></span> <span class='ocrx_word' id='word_1_50' title='bbox 1024 1061 1128 1116; x_wconf 92' lang='lat' dir='ltr'><strong>lineam</strong></span> <span class='ocrx_word' id='word_1_51' title='bbox 1147 1065 1250 1130; x_wconf 84' lang='lat' dir='ltr'><strong>potres</strong></span> 
     </span>
    </p>
   </div>
   <div class='ocr_carea' id='block_1_4' title="bbox 163 1160 1254 3338">
    <p class='ocr_par' dir='ltr' id='par_1_4' title="bbox 163 1160 1254 3338">
     <span class='ocr_line' id='line_1_7' title="bbox 163 1160 1249 1243; baseline -0.001 -22"><span class='ocrx_word' id='word_1_52' title='bbox 163 1166 337 1238; x_wconf 88' lang='lat' dir='ltr'><strong>adscriptum</strong></span> <span class='ocrx_word' id='word_1_53' title='bbox 362 1183 441 1233; x_wconf 87' lang='lat' dir='ltr'><strong>esse,</strong></span> <span class='ocrx_word' id='word_1_54' title='bbox 468 1167 588 1238; x_wconf 86' lang='lat' dir='ltr'><strong>denique</strong></span> <span class='ocrx_word' id='word_1_55' title='bbox 606 1161 739 1236; x_wconf 78' lang='lat' dir='ltr'><strong>patribus</strong></span> <span class='ocrx_word' id='word_1_56' title='bbox 762 1181 786 1222; x_wconf 83' lang='lat' dir='ltr'><strong>c.</strong></span> <span class='ocrx_word' id='word_1_57' title='bbox 811 1161 880 1243; x_wconf 86' lang='lat' dir='ltr'><strong>(non</strong></span> <span class='ocrx_word' id='word_1_58' title='bbox 903 1160 1005 1242; x_wconf 82' lang='lat' dir='ltr'><strong>coepit)</strong></span> <span class='ocrx_word' id='word_1_59' title='bbox 1023 1166 1054 1220; x_wconf 90' lang='lat' dir='ltr'><strong>in</strong></span> <span class='ocrx_word' id='word_1_60' title='bbox 1079 1164 1169 1221; x_wconf 90' lang='lat' dir='ltr'><strong>tribus</strong></span> <span class='ocrx_word' id='word_1_61' title='bbox 1195 1165 1249 1220; x_wconf 91' lang='lat' dir='ltr'><strong>illis</strong></span> 
     </span>
     <span class='ocr_line' id='line_1_8' title="bbox 163 1266 1249 1343; baseline -0.001 -16"><span class='ocrx_word' id='word_1_62' title='bbox 163 1271 274 1343; x_wconf 90' lang='lat' dir='ltr'><strong>optimis</strong></span> <span class='ocrx_word' id='word_1_63' title='bbox 290 1276 319 1326; x_wconf 90' lang='lat' dir='ltr'><strong>et</strong></span> <span class='ocrx_word' id='word_1_64' title='bbox 333 1271 529 1327; x_wconf 87' lang='lat' dir='ltr'><strong>vetustissimis</strong></span> <span class='ocrx_word' id='word_1_65' title='bbox 542 1266 659 1326; x_wconf 89' lang='lat' dir='ltr'><strong>P¹Pal.</strong></span> <span class='ocrx_word' id='word_1_66' title='bbox 672 1270 743 1327; x_wconf 81' lang='lat' dir='ltr'><strong>Nan.</strong></span> <span class='ocrx_word' id='word_1_67' title='bbox 754 1271 890 1343; x_wconf 80' lang='lat' dir='ltr'><strong>inveniri3</strong></span> <span class='ocrx_word' id='word_1_68' title='bbox 906 1271 1017 1327; x_wconf 87' lang='lat' dir='ltr'><strong>omnino</strong></span> <span class='ocrx_word' id='word_1_69' title='bbox 1031 1288 1100 1327; x_wconf 85' lang='lat' dir='ltr'><strong>vcro</strong></span> <span class='ocrx_word' id='word_1_70' title='bbox 1115 1275 1212 1327; x_wconf 89' lang='lat' dir='ltr'><strong>notam</strong></span> <span class='ocrx_word' id='word_1_71' title='bbox 1224 1267 1249 1326; x_wconf 79' lang='lat' dir='ltr'><strong>c.</strong></span> 
     </span>
     <span class='ocr_line' id='line_1_9' title="bbox 164 1373 1250 1448; baseline 0 -18"><span class='ocrx_word' id='word_1_72' title='bbox 164 1392 182 1430; x_wconf 89' lang='lat' dir='ltr'><strong>a</strong></span> <span class='ocrx_word' id='word_1_73' title='bbox 203 1374 325 1431; x_wconf 89' lang='lat' dir='ltr'><strong>librariis</strong></span> <span class='ocrx_word' id='word_1_74' title='bbox 344 1393 468 1447; x_wconf 90' lang='lat' dir='ltr'><strong>unquam</strong></span> <span class='ocrx_word' id='word_1_75' title='bbox 498 1393 560 1431; x_wconf 91' lang='lat' dir='ltr'><strong>esse</strong></span> <span class='ocrx_word' id='word_1_76' title='bbox 581 1375 735 1431; x_wconf 89' lang='lat' dir='ltr'><strong>adhibitam</strong></span> <span class='ocrx_word' id='word_1_77' title='bbox 758 1393 815 1447; x_wconf 86' lang='lat' dir='ltr'><strong>qua</strong></span> <span class='ocrx_word' id='word_1_78' title='bbox 835 1373 926 1444; x_wconf 80' lang='lat' dir='ltr'><strong>coepit</strong></span> <span class='ocrx_word' id='word_1_79' title='bbox 951 1374 1126 1448; x_wconf 78' lang='lat' dir='ltr'><strong>significetur</strong></span> <span class='ocrx_word' id='word_1_80' title='bbox 1145 1392 1250 1447; x_wconf 82' lang='lat' dir='ltr'><strong>negan-</strong></span> 
     </span>
     <span class='ocr_line' id='line_1_10' title="bbox 163 1479 1250 1553; baseline 0.001 -19"><span class='ocrx_word' id='word_1_81' title='bbox 163 1480 229 1534; x_wconf 91' lang='lat' dir='ltr'><strong>dum</strong></span> <span class='ocrx_word' id='word_1_82' title='bbox 244 1481 306 1535; x_wconf 88' lang='lat' dir='ltr'><strong>erit.</strong></span> <span class='ocrx_word' id='word_1_83' title='bbox 339 1479 447 1545; x_wconf 81' lang='lat' dir='ltr'><strong>Quibus</strong></span> <span class='ocrx_word' id='word_1_84' title='bbox 462 1480 546 1536; x_wconf 86' lang='lat' dir='ltr'><strong>rebus</strong></span> <span class='ocrx_word' id='word_1_85' title='bbox 562 1480 746 1536; x_wconf 81' lang='lat' dir='ltr'><strong>consideratis</strong></span> <span class='ocrx_word' id='word_1_86' title='bbox 760 1497 843 1536; x_wconf 88' lang='lat' dir='ltr'><strong>nemo</strong></span> <span class='ocrx_word' id='word_1_87' title='bbox 864 1484 940 1535; x_wconf 88' lang='lat' dir='ltr'><strong>certe</strong></span> <span class='ocrx_word' id='word_1_88' title='bbox 962 1479 1115 1545; x_wconf 87' lang='lat' dir='ltr'><strong>dubitabit,</strong></span> <span class='ocrx_word' id='word_1_89' title='bbox 1131 1480 1199 1553; x_wconf 90' lang='lat' dir='ltr'><strong>quin</strong></span> <span class='ocrx_word' id='word_1_90' title='bbox 1218 1484 1250 1535; x_wconf 88' lang='lat' dir='ltr'><strong>ut</strong></span> 
     </span>
     <span class='ocr_line' id='line_1_11' title="bbox 164 1584 1250 1656; baseline 0 -16"><span class='ocrx_word' id='word_1_91' title='bbox 164 1601 251 1655; x_wconf 89' lang='lat' dir='ltr'><strong>supra</strong></span> <span class='ocrx_word' id='word_1_92' title='bbox 265 1586 543 1642; x_wconf 80' lang='lat' dir='ltr'><strong>commemoravimus</strong></span> <span class='ocrx_word' id='word_1_93' title='bbox 558 1585 689 1640; x_wconf 84' lang='lat' dir='ltr'><strong>diversae</strong></span> <span class='ocrx_word' id='word_1_94' title='bbox 703 1585 786 1640; x_wconf 89' lang='lat' dir='ltr'><strong>huius</strong></span> <span class='ocrx_word' id='word_1_95' title='bbox 800 1585 857 1640; x_wconf 89' lang='lat' dir='ltr'><strong>loci</strong></span> <span class='ocrx_word' id='word_1_96' title='bbox 872 1585 1029 1656; x_wconf 89' lang='lat' dir='ltr'><strong>scripturae</strong></span> <span class='ocrx_word' id='word_1_97' title='bbox 1046 1603 1080 1641; x_wconf 86' lang='lat' dir='ltr'><strong>ex</strong></span> <span class='ocrx_word' id='word_1_98' title='bbox 1094 1590 1163 1641; x_wconf 90' lang='lat' dir='ltr'><strong>nota</strong></span> <span class='ocrx_word' id='word_1_99' title='bbox 1173 1585 1206 1640; x_wconf 88' lang='lat' dir='ltr'><strong>P.</strong></span> <span class='ocrx_word' id='word_1_100' title='bbox 1220 1584 1250 1646; x_wconf 87' lang='grc'><strong>0.</strong></span> 
     </span>
     <span class='ocr_line' id='line_1_12' title="bbox 164 1688 1252 1763; baseline 0 -17"><span class='ocrx_word' id='word_1_101' title='bbox 164 1690 302 1762; x_wconf 87' lang='lat' dir='ltr'><strong>originem</strong></span> <span class='ocrx_word' id='word_1_102' title='bbox 316 1689 454 1746; x_wconf 89' lang='lat' dir='ltr'><strong>duxerint.</strong></span> <span class='ocrx_word' id='word_1_103' title='bbox 484 1691 587 1746; x_wconf 82' lang='lat' dir='ltr'><strong>Restat</strong></span> <span class='ocrx_word' id='word_1_104' title='bbox 602 1694 711 1758; x_wconf 87' lang='lat' dir='ltr'><strong>autem,</strong></span> <span class='ocrx_word' id='word_1_105' title='bbox 731 1693 764 1744; x_wconf 90' lang='lat' dir='ltr'><strong>ut</strong></span> <span class='ocrx_word' id='word_1_106' title='bbox 785 1706 849 1744; x_wconf 90' lang='lat' dir='ltr'><strong>cum</strong></span> <span class='ocrx_word' id='word_1_107' title='bbox 869 1688 973 1745; x_wconf 90' lang='lat' dir='ltr'><strong>bonam</strong></span> <span class='ocrx_word' id='word_1_108' title='bbox 988 1695 1017 1745; x_wconf 90' lang='lat' dir='ltr'><strong>et</strong></span> <span class='ocrx_word' id='word_1_109' title='bbox 1030 1690 1170 1763; x_wconf 85' lang='lat' dir='ltr'><strong>integram</strong></span> <span class='ocrx_word' id='word_1_110' title='bbox 1185 1691 1252 1746; x_wconf 90' lang='lat' dir='ltr'><strong>scri·</strong></span> 
     </span>
     <span class='ocr_line' id='line_1_13' title="bbox 163 1794 1249 1867; baseline 0 -17"><span class='ocrx_word' id='word_1_111' title='bbox 163 1800 276 1866; x_wconf 85' lang='lat' dir='ltr'><strong>pturam</strong></span> <span class='ocrx_word' id='word_1_112' title='bbox 298 1811 354 1867; x_wconf 90' lang='lat' dir='ltr'><strong>qua</strong></span> <span class='ocrx_word' id='word_1_113' title='bbox 374 1795 449 1850; x_wconf 91' lang='lat' dir='ltr'><strong>liber</strong></span> <span class='ocrx_word' id='word_1_114' title='bbox 466 1814 494 1850; x_wconf 90' lang='lat' dir='ltr'><strong>m</strong></span> <span class='ocrx_word' id='word_1_115' title='bbox 515 1795 649 1851; x_wconf 89' lang='lat' dir='ltr'><strong>hocloco</strong></span> <span class='ocrx_word' id='word_1_116' title='bbox 665 1795 785 1850; x_wconf 90' lang='lat' dir='ltr'><strong>excellat</strong></span> <span class='ocrx_word' id='word_1_117' title='bbox 799 1799 859 1849; x_wconf 91' lang='lat' dir='ltr'><strong>tum</strong></span> <span class='ocrx_word' id='word_1_118' title='bbox 874 1794 976 1867; x_wconf 92' lang='lat' dir='ltr'><strong>quibus</strong></span> <span class='ocrx_word' id='word_1_119' title='bbox 991 1795 1091 1866; x_wconf 90' lang='lat' dir='ltr'><strong>reliqui</strong></span> <span class='ocrx_word' id='word_1_120' title='bbox 1105 1795 1134 1849; x_wconf 86' lang='grc' dir='ltr'><strong>ΙΙ</strong></span> <span class='ocrx_word' id='word_1_121' title='bbox 1149 1812 1213 1867; x_wconf 88' lang='lat' dir='ltr'><strong>gen.</strong></span> <span class='ocrx_word' id='word_1_122' title='bbox 1230 1796 1249 1850; x_wconf 92' lang='lat' dir='ltr'><strong>l.</strong></span> 
     </span>
     <span class='ocr_line' id='line_1_14' title="bbox 163 1899 1252 1973; baseline 0.001 -19"><span class='ocrx_word' id='word_1_123' title='bbox 163 1899 263 1956; x_wconf 87' lang='lat' dir='ltr'><strong>infecti</strong></span> <span class='ocrx_word' id='word_1_124' title='bbox 278 1901 335 1956; x_wconf 88' lang='lat' dir='ltr'><strong>sint</strong></span> <span class='ocrx_word' id='word_1_125' title='bbox 349 1900 529 1970; x_wconf 86' lang='lat' dir='ltr'><strong>comuptelas</strong></span> <span class='ocrx_word' id='word_1_126' title='bbox 550 1899 732 1956; x_wconf 86' lang='lat' dir='ltr'><strong>observemus</strong></span> <span class='ocrx_word' id='word_1_127' title='bbox 749 1904 777 1956; x_wconf 92' lang='lat' dir='ltr'><strong>et</strong></span> <span class='ocrx_word' id='word_1_128' title='bbox 791 1901 828 1955; x_wconf 88' lang='lat' dir='ltr'><strong>ad</strong></span> <span class='ocrx_word' id='word_1_129' title='bbox 847 1901 876 1955; x_wconf 92' lang='lat' dir='ltr'><strong>id</strong></span> <span class='ocrx_word' id='word_1_130' title='bbox 889 1900 946 1956; x_wconf 90' lang='lat' dir='ltr'><strong>loci</strong></span> <span class='ocrx_word' id='word_1_131' title='bbox 961 1916 1129 1971; x_wconf 88' lang='lat' dir='ltr'><strong>seponamus</strong></span> <span class='ocrx_word' id='word_1_132' title='bbox 1145 1918 1200 1973; x_wconf 92' lang='lat' dir='ltr'><strong>quo</strong></span> <span class='ocrx_word' id='word_1_133' title='bbox 1216 1901 1252 1955; x_wconf 92' lang='lat' dir='ltr'><strong>de</strong></span> 
     </span>
     <span class='ocr_line' id='line_1_15' title="bbox 163 2005 1251 2062; baseline -0.001 -3"><span class='ocrx_word' id='word_1_134' title='bbox 163 2005 298 2062; x_wconf 90' lang='lat' dir='ltr'><strong>librorum</strong></span> <span class='ocrx_word' id='word_1_135' title='bbox 319 2005 490 2061; x_wconf 89' lang='lat' dir='ltr'><strong>auctoritate</strong></span> <span class='ocrx_word' id='word_1_136' title='bbox 517 2009 547 2060; x_wconf 92' lang='lat' dir='ltr'><strong>et</strong></span> <span class='ocrx_word' id='word_1_137' title='bbox 566 2005 671 2061; x_wconf 87' lang='lat' dir='ltr'><strong>virtute</strong></span> <span class='ocrx_word' id='word_1_138' title='bbox 691 2006 720 2060; x_wconf 94' lang='lat' dir='ltr'><strong>in</strong></span> <span class='ocrx_word' id='word_1_139' title='bbox 742 2006 904 2060; x_wconf 88' lang='lat' dir='ltr'><strong>universum</strong></span> <span class='ocrx_word' id='word_1_140' title='bbox 925 2005 1105 2059; x_wconf 88' lang='lat' dir='ltr'><strong>iudicandum</strong></span> <span class='ocrx_word' id='word_1_141' title='bbox 1127 2005 1188 2060; x_wconf 89' lang='lat' dir='ltr'><strong>erit.</strong></span> <span class='ocrx_word' id='word_1_142' title='bbox 1208 2035 1251 2046; x_wconf 94' lang='lat'>-</span> 
     </span>
     <span class='ocr_line' id='line_1_16' title="bbox 166 2099 1250 2191; baseline 0.001 -28"><span class='ocrx_word' id='word_1_143' title='bbox 166 2107 214 2172; x_wconf 67' lang='lat' dir='ltr'><strong>Ca.</strong></span> <span class='ocrx_word' id='word_1_144' title='bbox 226 2105 274 2182; x_wconf 76' lang='grc'><strong>32,</strong></span> <span class='ocrx_word' id='word_1_145' title='bbox 288 2105 308 2172; x_wconf 79' lang='grc'><strong>2</strong></span> <span class='ocrx_word' id='word_1_146' title='bbox 323 2107 439 2166; x_wconf 83' lang='lat' dir='ltr'><strong>mandat</strong></span> <span class='ocrx_word' id='word_1_147' title='bbox 453 2105 555 2179; x_wconf 80' lang='lat' dir='ltr'><strong>quibua</strong></span> <span class='ocrx_word' id='word_1_148' title='bbox 570 2105 657 2163; x_wconf 80' lang='lat' dir='ltr'><strong>rebar</strong></span> <span class='ocrx_word' id='word_1_149' title='bbox 668 2099 804 2191; x_wconf 82' lang='lat' dir='ltr'><strong>possent]</strong></span> <span class='ocrx_word' id='word_1_150' title='bbox 817 2109 898 2175; x_wconf 84' lang='lat' dir='ltr'><strong>Quod</strong></span> <span class='ocrx_word' id='word_1_151' title='bbox 913 2126 977 2164; x_wconf 91' lang='lat' dir='ltr'><strong>cum</strong></span> <span class='ocrx_word' id='word_1_152' title='bbox 991 2109 1021 2164; x_wconf 92' lang='lat' dir='ltr'><strong>in</strong></span> <span class='ocrx_word' id='word_1_153' title='bbox 1035 2109 1155 2165; x_wconf 86' lang='lat' dir='ltr'><strong>maxima</strong></span> <span class='ocrx_word' id='word_1_154' title='bbox 1169 2113 1250 2180; x_wconf 87' lang='lat' dir='ltr'><strong>parte</strong></span> 
     </span>
     <span class='ocr_line' id='line_1_17' title="bbox 164 2208 1251 2289; baseline -0.002 -18"><span class='ocrx_word' id='word_1_155' title='bbox 164 2215 299 2271; x_wconf 90' lang='lat' dir='ltr'><strong>librorum</strong></span> <span class='ocrx_word' id='word_1_156' title='bbox 311 2216 434 2289; x_wconf 78' lang='lat' dir='ltr'><strong>legatur,</strong></span> <span class='ocrx_word' id='word_1_157' title='bbox 444 2215 520 2271; x_wconf 91' lang='lat' dir='ltr'><strong>solus</strong></span> <span class='ocrx_word' id='word_1_158' title='bbox 532 2208 566 2287; x_wconf 79' lang='lat' dir='ltr'><strong>g’</strong></span> <span class='ocrx_word' id='word_1_159' title='bbox 575 2213 687 2284; x_wconf 81' lang='lat' dir='ltr'><strong>possint</strong></span> <span class='ocrx_word' id='word_1_160' title='bbox 697 2214 820 2271; x_wconf 86' lang='lat' dir='ltr'><strong>exbibet.</strong></span> <span class='ocrx_word' id='word_1_161' title='bbox 841 2212 882 2269; x_wconf 79' lang='lat' dir='ltr'><strong>At</strong></span> <span class='ocrx_word' id='word_1_162' title='bbox 892 2215 1021 2286; x_wconf 83' lang='lat' dir='ltr'><strong>quamvis</strong></span> <span class='ocrx_word' id='word_1_163' title='bbox 1032 2214 1160 2270; x_wconf 90' lang='lat' dir='ltr'><strong>Dietsch.</strong></span> <span class='ocrx_word' id='word_1_164' title='bbox 1175 2213 1251 2269; x_wconf 84' lang='lat' dir='ltr'><strong>hanc</strong></span> 
     </span>
     <span class='ocr_line' id='line_1_18' title="bbox 166 2315 1251 2397; baseline -0.003 -20"><span class='ocrx_word' id='word_1_165' title='bbox 166 2321 335 2391; x_wconf 85' lang='lat' dir='ltr'><strong>scripturam</strong></span> <span class='ocrx_word' id='word_1_166' title='bbox 349 2321 378 2376; x_wconf 91' lang='lat' dir='ltr'><strong>in</strong></span> <span class='ocrx_word' id='word_1_167' title='bbox 393 2325 499 2376; x_wconf 87' lang='lat' dir='ltr'><strong>textum</strong></span> <span class='ocrx_word' id='word_1_168' title='bbox 514 2319 654 2392; x_wconf 85' lang='lat' dir='ltr'><strong>receperit</strong></span> <span class='ocrx_word' id='word_1_169' title='bbox 669 2315 732 2397; x_wconf 85' lang='lat' dir='ltr'><strong>(scd</strong></span> <span class='ocrx_word' id='word_1_170' title='bbox 747 2324 779 2375; x_wconf 93' lang='lat' dir='ltr'><strong>ut</strong></span> <span class='ocrx_word' id='word_1_171' title='bbox 794 2319 907 2376; x_wconf 89' lang='lat' dir='ltr'><strong>videtur</strong></span> <span class='ocrx_word' id='word_1_172' title='bbox 921 2336 955 2374; x_wconf 87' lang='lat' dir='ltr'><strong>cx</strong></span> <span class='ocrx_word' id='word_1_173' title='bbox 976 2318 1063 2390; x_wconf 88' lang='lat' dir='ltr'><strong>ipsius</strong></span> <span class='ocrx_word' id='word_1_174' title='bbox 1087 2319 1251 2375; x_wconf 78' lang='lat' dir='ltr'><strong>coniectura·</strong></span> 
     </span>
     <span class='ocr_line' id='line_1_19' title="bbox 165 2423 1252 2498; baseline -0.003 -17"><span class='ocrx_word' id='word_1_175' title='bbox 165 2425 260 2497; x_wconf 86' lang='lat' dir='ltr'><strong>potius</strong></span> <span class='ocrx_word' id='word_1_176' title='bbox 275 2443 360 2498; x_wconf 90' lang='lat' dir='ltr'><strong>quam</strong></span> <span class='ocrx_word' id='word_1_177' title='bbox 374 2425 451 2480; x_wconf 91' lang='lat' dir='ltr'><strong>illum</strong></span> <span class='ocrx_word' id='word_1_178' title='bbox 465 2425 567 2480; x_wconf 90' lang='lat' dir='ltr'><strong>librum</strong></span> <span class='ocrx_word' id='word_1_179' title='bbox 583 2426 723 2494; x_wconf 86' lang='lat' dir='ltr'><strong>secutus),</strong></span> <span class='ocrx_word' id='word_1_180' title='bbox 741 2428 837 2481; x_wconf 90' lang='lat' dir='ltr'><strong>tamen</strong></span> <span class='ocrx_word' id='word_1_181' title='bbox 850 2423 938 2480; x_wconf 89' lang='lat' dir='ltr'><strong>verbo</strong></span> <span class='ocrx_word' id='word_1_182' title='bbox 954 2425 1001 2480; x_wconf 84' lang='lat' dir='ltr'><strong>vix</strong></span> <span class='ocrx_word' id='word_1_183' title='bbox 1016 2424 1184 2480; x_wconf 91' lang='lat' dir='ltr'><strong>monendum</strong></span> <span class='ocrx_word' id='word_1_184' title='bbox 1200 2429 1252 2495; x_wconf 85' lang='lat' dir='ltr'><strong>est,</strong></span> 
     </span>
     <span class='ocr_line' id='line_1_20' title="bbox 168 2529 1254 2603; baseline -0.003 -16"><span class='ocrx_word' id='word_1_185' title='bbox 168 2551 202 2588; x_wconf 88' lang='lat' dir='ltr'><strong>ex</strong></span> <span class='ocrx_word' id='word_1_186' title='bbox 216 2531 355 2587; x_wconf 87' lang='lat' dir='ltr'><strong>varietate</strong></span> <span class='ocrx_word' id='word_1_187' title='bbox 374 2531 510 2586; x_wconf 89' lang='lat' dir='ltr'><strong>eiusmodi</strong></span> <span class='ocrx_word' id='word_1_188' title='bbox 530 2533 725 2603; x_wconf 86' lang='lat' dir='ltr'><strong>argumentum</strong></span> <span class='ocrx_word' id='word_1_189' title='bbox 745 2530 833 2584; x_wconf 90' lang='lat' dir='ltr'><strong>ullum</strong></span> <span class='ocrx_word' id='word_1_190' title='bbox 856 2530 893 2584; x_wconf 91' lang='lat' dir='ltr'><strong>ad</strong></span> <span class='ocrx_word' id='word_1_191' title='bbox 914 2530 1030 2585; x_wconf 89' lang='lat' dir='ltr'><strong>alterius</strong></span> <span class='ocrx_word' id='word_1_192' title='bbox 1045 2547 1109 2602; x_wconf 85' lang='lat' dir='ltr'><strong>gen.</strong></span> <span class='ocrx_word' id='word_1_193' title='bbox 1124 2529 1254 2585; x_wconf 89' lang='lat' dir='ltr'><strong>aestima-</strong></span> 
     </span>
     <span class='ocr_line' id='line_1_21' title="bbox 167 2631 1252 2707; baseline -0.003 -14"><span class='ocrx_word' id='word_1_194' title='bbox 167 2631 271 2693; x_wconf 91' lang='lat' dir='ltr'><strong>tionem</strong></span> <span class='ocrx_word' id='word_1_195' title='bbox 292 2636 425 2692; x_wconf 90' lang='lat' dir='ltr'><strong>idoneum</strong></span> <span class='ocrx_word' id='word_1_196' title='bbox 443 2634 564 2707; x_wconf 87' lang='lat' dir='ltr'><strong>proferri</strong></span> <span class='ocrx_word' id='word_1_197' title='bbox 583 2653 640 2692; x_wconf 91' lang='lat' dir='ltr'><strong>non</strong></span> <span class='ocrx_word' id='word_1_198' title='bbox 660 2651 752 2706; x_wconf 85' lang='lat' dir='ltr'><strong>posse.</strong></span> <span class='ocrx_word' id='word_1_199' title='bbox 784 2633 916 2691; x_wconf 82' lang='lat' dir='ltr'><strong>Ceterum</strong></span> <span class='ocrx_word' id='word_1_200' title='bbox 935 2652 999 2691; x_wconf 89' lang='lat' dir='ltr'><strong>cum</strong></span> <span class='ocrx_word' id='word_1_201' title='bbox 1020 2652 1074 2690; x_wconf 90' lang='lat' dir='ltr'><strong>nco</strong></span> <span class='ocrx_word' id='word_1_202' title='bbox 1088 2634 1252 2691; x_wconf 87' lang='lat' dir='ltr'><strong>Dietscbius</strong></span> 
     </span>
     <span class='ocr_line' id='line_1_22' title="bbox 165 2733 1250 2818; baseline -0.003 -21"><span class='ocrx_word' id='word_1_203' title='bbox 165 2743 227 2813; x_wconf 90' lang='lat' dir='ltr'><strong>ipse</strong></span> <span class='ocrx_word' id='word_1_204' title='bbox 242 2737 284 2818; x_wconf 92' lang='lat' dir='ltr'><strong>(in</strong></span> <span class='ocrx_word' id='word_1_205' title='bbox 302 2741 346 2796; x_wconf 91' lang='lat' dir='ltr'><strong>ed.</strong></span> <span class='ocrx_word' id='word_1_206' title='bbox 358 2735 439 2816; x_wconf 88' lang='lat' dir='ltr'><strong>min.)</strong></span> <span class='ocrx_word' id='word_1_207' title='bbox 453 2757 545 2812; x_wconf 90' lang='lat' dir='ltr'><strong>neque</strong></span> <span class='ocrx_word' id='word_1_208' title='bbox 561 2740 609 2795; x_wconf 91' lang='lat' dir='ltr'><strong>alii</strong></span> <span class='ocrx_word' id='word_1_209' title='bbox 626 2740 742 2796; x_wconf 84' lang='lat' dir='ltr'><strong>Sallusti</strong></span> <span class='ocrx_word' id='word_1_210' title='bbox 764 2733 900 2808; x_wconf 77' lang='lat' dir='ltr'><strong>editores,</strong></span> <span class='ocrx_word' id='word_1_211' title='bbox 924 2740 1037 2811; x_wconf 87' lang='lat' dir='ltr'><strong>Zumpti</strong></span> <span class='ocrx_word' id='word_1_212' title='bbox 1052 2759 1095 2813; x_wconf 80' lang='lat' dir='ltr'><strong>gr.</strong></span> <span class='ocrx_word' id='word_1_213' title='bbox 1108 2740 1127 2795; x_wconf 93' lang='lat'><strong>1.</strong></span> <span class='ocrx_word' id='word_1_214' title='bbox 1146 2736 1175 2815; x_wconf 62' lang='grc' dir='ltr'><strong>ξ.</strong></span> <span class='ocrx_word' id='word_1_215' title='bbox 1188 2737 1250 2796; x_wconf 84' lang='grc'><strong>501</strong></span> 
     </span>
     <span class='ocr_line' id='line_1_23' title="bbox 166 2843 1252 2916; baseline -0.003 -14"><span class='ocrx_word' id='word_1_216' title='bbox 166 2851 196 2902; x_wconf 91' lang='lat' dir='ltr'><strong>et</strong></span> <span class='ocrx_word' id='word_1_217' title='bbox 209 2847 370 2902; x_wconf 88' lang='lat' dir='ltr'><strong>testimonia</strong></span> <span class='ocrx_word' id='word_1_218' title='bbox 385 2863 402 2900; x_wconf 88' lang='lat' dir='ltr'><strong>a</strong></span> <span class='ocrx_word' id='word_1_219' title='bbox 416 2846 512 2901; x_wconf 80' lang='lat' dir='ltr'><strong>Fabri.</strong></span> <span class='ocrx_word' id='word_1_220' title='bbox 534 2846 604 2901; x_wconf 90' lang='lat' dir='ltr'><strong>adl.</strong></span> <span class='ocrx_word' id='word_1_221' title='bbox 620 2849 709 2903; x_wconf 87' lang='lat' dir='ltr'><strong>nostr.</strong></span> <span class='ocrx_word' id='word_1_222' title='bbox 727 2846 857 2901; x_wconf 89' lang='lat' dir='ltr'><strong>conlecta</strong></span> <span class='ocrx_word' id='word_1_223' title='bbox 878 2845 1075 2916; x_wconf 84' lang='lat' dir='ltr'><strong>respicientes,</strong></span> <span class='ocrx_word' id='word_1_224' title='bbox 1095 2843 1252 2916; x_wconf 83' lang='lat' dir='ltr'><strong>scripturae</strong></span> 
     </span>
     <span class='ocr_line' id='line_1_24' title="bbox 164 2948 1254 3023; baseline 0.001 -20"><span class='ocrx_word' id='word_1_225' title='bbox 164 2955 280 3020; x_wconf 79' lang='lat' dir='ltr'><strong>possent</strong></span> <span class='ocrx_word' id='word_1_226' title='bbox 294 2950 386 3006; x_wconf 92' lang='lat' dir='ltr'><strong>adhuc</strong></span> <span class='ocrx_word' id='word_1_227' title='bbox 402 2950 484 3006; x_wconf 86' lang='lat' dir='ltr'><strong>diffisi</strong></span> <span class='ocrx_word' id='word_1_228' title='bbox 498 2955 601 3022; x_wconf 76' lang='lat' dir='ltr'><strong>essent,</strong></span> <span class='ocrx_word' id='word_1_229' title='bbox 618 2949 700 3006; x_wconf 90' lang='lat' dir='ltr'><strong>nobis</strong></span> <span class='ocrx_word' id='word_1_230' title='bbox 716 2950 740 3005; x_wconf 91' lang='lat' dir='ltr'><strong>si</strong></span> <span class='ocrx_word' id='word_1_231' title='bbox 755 2951 822 3023; x_wconf 91' lang='lat' dir='ltr'><strong>quid</strong></span> <span class='ocrx_word' id='word_1_232' title='bbox 836 2950 1000 3006; x_wconf 89' lang='lat' dir='ltr'><strong>mutandum</strong></span> <span class='ocrx_word' id='word_1_233' title='bbox 1015 2951 1060 3017; x_wconf 91' lang='lat' dir='ltr'><strong>sit,</strong></span> <span class='ocrx_word' id='word_1_234' title='bbox 1075 2949 1170 3021; x_wconf 86' lang='lat' dir='ltr'><strong>potius</strong></span> <span class='ocrx_word' id='word_1_235' title='bbox 1184 2948 1254 3004; x_wconf 93' lang='lat' dir='ltr'><strong>illud</strong></span> 
     </span>
     <span class='ocr_line' id='line_1_25' title="bbox 165 3052 1253 3127; baseline 0.004 -20"><span class='ocrx_word' id='word_1_236' title='bbox 165 3061 283 3124; x_wconf 82' lang='lat' dir='ltr'><strong>possunt</strong></span> <span class='ocrx_word' id='word_1_237' title='bbox 303 3057 333 3111; x_wconf 90' lang='lat' dir='ltr'><strong>in</strong></span> <span class='ocrx_word' id='word_1_238' title='bbox 354 3056 427 3111; x_wconf 91' lang='lat' dir='ltr'><strong>libro</strong></span> <span class='ocrx_word' id='word_1_239' title='bbox 451 3056 475 3110; x_wconf 86' lang='lat' dir='ltr'><strong>E</strong></span> <span class='ocrx_word' id='word_1_240' title='bbox 497 3052 642 3112; x_wconf 87' lang='lat' dir='ltr'><strong>inventum</strong></span> <span class='ocrx_word' id='word_1_241' title='bbox 668 3055 883 3126; x_wconf 85' lang='lat' dir='ltr'><strong>praeferendum</strong></span> <span class='ocrx_word' id='word_1_242' title='bbox 909 3073 972 3112; x_wconf 89' lang='lat' dir='ltr'><strong>csse</strong></span> <span class='ocrx_word' id='word_1_243' title='bbox 993 3056 1123 3126; x_wconf 89' lang='lat' dir='ltr'><strong>videtur,</strong></span> <span class='ocrx_word' id='word_1_244' title='bbox 1148 3054 1253 3127; x_wconf 87' lang='lat' dir='ltr'><strong>quippe</strong></span> 
     </span>
     <span class='ocr_line' id='line_1_26' title="bbox 167 3159 1253 3233; baseline -0.001 -18"><span class='ocrx_word' id='word_1_245' title='bbox 167 3161 243 3233; x_wconf 91' lang='lat' dir='ltr'><strong>quod</strong></span> <span class='ocrx_word' id='word_1_246' title='bbox 263 3178 326 3216; x_wconf 90' lang='lat' dir='ltr'><strong>cum</strong></span> <span class='ocrx_word' id='word_1_247' title='bbox 346 3161 549 3216; x_wconf 89' lang='lat' dir='ltr'><strong>consuetudine</strong></span> <span class='ocrx_word' id='word_1_248' title='bbox 565 3159 736 3216; x_wconf 86' lang='lat' dir='ltr'><strong>Sallustiana</strong></span> <span class='ocrx_word' id='word_1_249' title='bbox 756 3161 874 3215; x_wconf 87' lang='lat' dir='ltr'><strong>maxime</strong></span> <span class='ocrx_word' id='word_1_250' title='bbox 898 3164 1045 3233; x_wconf 83' lang='lat' dir='ltr'><strong>congruat.</strong></span> <span class='ocrx_word' id='word_1_251' title='bbox 1081 3160 1158 3217; x_wconf 87' lang='lat' dir='ltr'><strong>Usus</strong></span> <span class='ocrx_word' id='word_1_252' title='bbox 1181 3159 1253 3215; x_wconf 91' lang='lat' dir='ltr'><strong>enim</strong></span> 
     </span>
     <span class='ocr_line' id='line_1_27' title="bbox 167 3263 1253 3338; baseline -0.001 -18"><span class='ocrx_word' id='word_1_253' title='bbox 167 3270 211 3320; x_wconf 90' lang='lat' dir='ltr'><strong>est</strong></span> <span class='ocrx_word' id='word_1_254' title='bbox 225 3263 374 3321; x_wconf 82' lang='lat' dir='ltr'><strong>Sallustius</strong></span> <span class='ocrx_word' id='word_1_255' title='bbox 394 3266 548 3321; x_wconf 88' lang='lat' dir='ltr'><strong>indicativo</strong></span> <span class='ocrx_word' id='word_1_256' title='bbox 562 3265 593 3320; x_wconf 91' lang='lat' dir='ltr'><strong>in</strong></span> <span class='ocrx_word' id='word_1_257' title='bbox 607 3265 773 3320; x_wconf 88' lang='lat' dir='ltr'><strong>secundario</strong></span> <span class='ocrx_word' id='word_1_258' title='bbox 789 3265 939 3321; x_wconf 89' lang='lat' dir='ltr'><strong>enunciato</strong></span> <span class='ocrx_word' id='word_1_259' title='bbox 954 3265 1086 3338; x_wconf 90' lang='lat' dir='ltr'><strong>obliquae</strong></span> <span class='ocrx_word' id='word_1_260' title='bbox 1108 3266 1253 3330; x_wconf 91' lang='lat' dir='ltr'><strong>orationis,</strong></span> 
     </span>
    </p>
   </div>
   <div class='ocr_carea' id='block_1_5' title="bbox 166 3365 1254 3548">
    <p class='ocr_par' dir='ltr' id='par_1_5' title="bbox 166 3365 1254 3548">
     <span class='ocr_line' id='line_1_28' title="bbox 168 3365 1254 3445; baseline 0.002 -21"><span class='ocrx_word' id='word_1_261' title='bbox 168 3375 201 3424; x_wconf 93' lang='lat' dir='ltr'><strong>ut</strong></span> <span class='ocrx_word' id='word_1_262' title='bbox 220 3370 276 3424; x_wconf 88' lang='lat' dir='ltr'><strong>iarn</strong></span> <span class='ocrx_word' id='word_1_263' title='bbox 291 3370 422 3426; x_wconf 90' lang='lat' dir='ltr'><strong>Dietsch.</strong></span> <span class='ocrx_word' id='word_1_264' title='bbox 439 3374 469 3426; x_wconf 90' lang='lat' dir='ltr'><strong>et</strong></span> <span class='ocrx_word' id='word_1_265' title='bbox 490 3370 539 3425; x_wconf 91' lang='lat' dir='ltr'><strong>alii</strong></span> <span class='ocrx_word' id='word_1_266' title='bbox 559 3371 682 3426; x_wconf 89' lang='lat' dir='ltr'><strong>editores</strong></span> <span class='ocrx_word' id='word_1_267' title='bbox 698 3375 868 3426; x_wconf 88' lang='lat' dir='ltr'><strong>censuerunt</strong></span> <span class='ocrx_word' id='word_1_268' title='bbox 880 3365 930 3445; x_wconf 89' lang='lat' dir='ltr'><strong>(cf.</strong></span> <span class='ocrx_word' id='word_1_269' title='bbox 943 3371 1036 3426; x_wconf 85' lang='lat' dir='ltr'><strong>Kritz.</strong></span> <span class='ocrx_word' id='word_1_270' title='bbox 1049 3371 1086 3424; x_wconf 89' lang='lat' dir='ltr'><strong>ad</strong></span> <span class='ocrx_word' id='word_1_271' title='bbox 1097 3369 1147 3426; x_wconf 81' lang='lat' dir='ltr'><strong>Oa.</strong></span> <span class='ocrx_word' id='word_1_272' title='bbox 1163 3368 1212 3441; x_wconf 84' lang='lat'><strong>14,</strong></span> <span class='ocrx_word' id='word_1_273' title='bbox 1224 3369 1254 3438; x_wconf 84' lang='grc'><strong>7)</strong></span> 
     </span>
     <span class='ocr_line' id='line_1_29' title="bbox 166 3471 1253 3548; baseline 0.002 -20"><span class='ocrx_word' id='word_1_274' title='bbox 166 3475 244 3531; x_wconf 88' lang='lat' dir='ltr'><strong>hisce</strong></span> <span class='ocrx_word' id='word_1_275' title='bbox 259 3475 344 3531; x_wconf 88' lang='lat' dir='ltr'><strong>locis:</strong></span> <span class='ocrx_word' id='word_1_276' title='bbox 366 3475 415 3532; x_wconf 79' lang='lat' dir='ltr'><strong>Oa.</strong></span> <span class='ocrx_word' id='word_1_277' title='bbox 433 3474 483 3547; x_wconf 78' lang='lat'><strong>27,</strong></span> <span class='ocrx_word' id='word_1_278' title='bbox 505 3473 539 3546; x_wconf 77' lang='lat'><strong>43</strong></span> <span class='ocrx_word' id='word_1_279' title='bbox 563 3473 613 3543; x_wconf 83' lang='lat'><strong>50,</strong></span> <span class='ocrx_word' id='word_1_280' title='bbox 636 3473 665 3530; x_wconf 88' lang='grc'><strong>3.</strong></span> <span class='ocrx_word' id='word_1_281' title='bbox 687 3476 732 3530; x_wconf 89' lang='grc' dir='ltr'>Ιιι.</span> <span class='ocrx_word' id='word_1_282' title='bbox 749 3472 801 3548; x_wconf 87' lang='lat'><strong>38,</strong></span> <span class='ocrx_word' id='word_1_283' title='bbox 817 3473 853 3546; x_wconf 81' lang='lat'><strong>93</strong></span> <span class='ocrx_word' id='word_1_284' title='bbox 878 3471 928 3546; x_wconf 85' lang='lat'><strong>63,</strong></span> <span class='ocrx_word' id='word_1_285' title='bbox 946 3473 1055 3547; x_wconf 57' lang='lat'><strong>1329,</strong></span> <span class='ocrx_word' id='word_1_286' title='bbox 1073 3474 1108 3545; x_wconf 82' lang='lat'><strong>13</strong></span> <span class='ocrx_word' id='word_1_287' title='bbox 1133 3474 1204 3543; x_wconf 86' lang='grc'><strong>106,</strong></span> <span class='ocrx_word' id='word_1_288' title='bbox 1220 3476 1253 3546; x_wconf 77' lang='lat'><strong>33</strong></span> 
     </span>
    </p>
   </div>
   <div class='ocr_carea' id='block_1_6' title="bbox 169 3565 1256 3652">
    <p class='ocr_par' dir='ltr' id='par_1_6' title="bbox 169 3565 1256 3652">
     <span class='ocr_line' id='line_1_30' title="bbox 169 3565 1256 3652; baseline -0.002 -16"><span class='ocrx_word' id='word_1_289' title='bbox 169 3579 240 3648; x_wconf 88' lang='lat'><strong>111,</strong></span> <span class='ocrx_word' id='word_1_290' title='bbox 256 3582 293 3652; x_wconf 75' lang='lat'><strong>23</strong></span> <span class='ocrx_word' id='word_1_291' title='bbox 308 3580 391 3636; x_wconf 88' lang='lat' dir='ltr'><strong>nobis</strong></span> <span class='ocrx_word' id='word_1_292' title='bbox 403 3598 469 3637; x_wconf 86' lang='lat' dir='ltr'><strong>vero</strong></span> <span class='ocrx_word' id='word_1_293' title='bbox 484 3581 558 3636; x_wconf 90' lang='lat' dir='ltr'><strong>idem</strong></span> <span class='ocrx_word' id='word_1_294' title='bbox 573 3598 635 3636; x_wconf 89' lang='lat' dir='ltr'><strong>esse</strong></span> <span class='ocrx_word' id='word_1_295' title='bbox 649 3580 852 3637; x_wconf 88' lang='lat' dir='ltr'><strong>restituendum</strong></span> <span class='ocrx_word' id='word_1_296' title='bbox 864 3580 975 3636; x_wconf 87' lang='lat' dir='ltr'><strong>videtur</strong></span> <span class='ocrx_word' id='word_1_297' title='bbox 984 3578 1028 3634; x_wconf 90' lang='lat' dir='ltr'><strong>his</strong></span> <span class='ocrx_word' id='word_1_298' title='bbox 1043 3596 1155 3651; x_wconf 88' lang='lat' dir='ltr'><strong>quoque</strong></span> <span class='ocrx_word' id='word_1_299' title='bbox 1169 3565 1256 3636; x_wconf 69' lang='grc' dir='ltr'><strong>1οοίεὲ</strong></span> 
     </span>
    </p>
   </div>
   <div class='ocr_carea' id='block_1_7' title="bbox 166 3679 1255 4284">
    <p class='ocr_par' dir='ltr' id='par_1_7' title="bbox 166 3679 1255 4284">
     <span class='ocr_line' id='line_1_31' title="bbox 166 3679 1254 3760; baseline 0 -20"><span class='ocrx_word' id='word_1_300' title='bbox 166 3683 319 3756; x_wconf 81' lang='lat' dir='ltr'><strong>Iu.49,2</strong></span> <span class='ocrx_word' id='word_1_301' title='bbox 345 3703 437 3757; x_wconf 90' lang='lat' dir='ltr'><strong>quos</strong></span> <span class='ocrx_word' id='word_1_302' title='bbox 464 3690 571 3740; x_wconf 91' lang='lat' dir='ltr'><strong>antea</strong></span> <span class='ocrx_word' id='word_1_303' title='bbox 597 3686 721 3742; x_wconf 88' lang='lat' dir='ltr'><strong>victos</strong></span> <span class='ocrx_word' id='word_1_304' title='bbox 748 3685 815 3740; x_wconf 91' lang='lat' dir='ltr'><strong>sub</strong></span> <span class='ocrx_word' id='word_1_305' title='bbox 841 3687 968 3758; x_wconf 85' lang='lat' dir='ltr'><strong>iugum</strong></span> <span class='ocrx_word' id='word_1_306' title='bbox 992 3685 1175 3740; x_wconf 90' lang='lat' dir='ltr'><strong>miserunt</strong></span> <span class='ocrx_word' id='word_1_307' title='bbox 1200 3679 1254 3760; x_wconf 88' lang='lat' dir='ltr'><strong>(sic</strong></span> 
     </span>
     <span class='ocr_line' id='line_1_32' title="bbox 168 3785 1254 3866; baseline 0.001 -21"><span class='ocrx_word' id='word_1_308' title='bbox 168 3789 242 3845; x_wconf 88' lang='lat' dir='ltr'><strong>enim</strong></span> <span class='ocrx_word' id='word_1_309' title='bbox 256 3789 305 3846; x_wconf 90' lang='lat' dir='ltr'><strong>lib.</strong></span> <span class='ocrx_word' id='word_1_310' title='bbox 321 3809 349 3846; x_wconf 88' lang='lat' dir='ltr'><strong>m</strong></span> <span class='ocrx_word' id='word_1_311' title='bbox 365 3785 505 3866; x_wconf 74' lang='lat' dir='ltr'><strong>exhibet),</strong></span> <span class='ocrx_word' id='word_1_312' title='bbox 522 3821 560 3832; x_wconf 96' lang='lat'>-</span> <span class='ocrx_word' id='word_1_313' title='bbox 577 3791 620 3846; x_wconf 90' lang='lat' dir='ltr'><strong>Iu.</strong></span> <span class='ocrx_word' id='word_1_314' title='bbox 638 3788 722 3862; x_wconf 83' lang='lat'><strong>54,1</strong></span> <span class='ocrx_word' id='word_1_315' title='bbox 745 3807 838 3862; x_wconf 87' lang='lat' dir='ltr'><strong>quae</strong></span> <span class='ocrx_word' id='word_1_316' title='bbox 861 3791 962 3847; x_wconf 89' lang='lat' dir='ltr'><strong>levia</strong></span> <span class='ocrx_word' id='word_1_317' title='bbox 984 3794 1069 3846; x_wconf 87' lang='lat' dir='ltr'><strong>sunt</strong></span> <span class='ocrx_word' id='word_1_318' title='bbox 1090 3807 1153 3844; x_wconf 92' lang='lat' dir='ltr'><strong>cum</strong></span> <span class='ocrx_word' id='word_1_319' title='bbox 1169 3791 1254 3846; x_wconf 89' lang='lat' dir='ltr'><strong>omni·</strong></span> 
     </span>
     <span class='ocr_line' id='line_1_33' title="bbox 168 3894 1255 3968; baseline 0 -19"><span class='ocrx_word' id='word_1_320' title='bbox 168 3894 447 3967; x_wconf 71' lang='lat' dir='ltr'><strong>buslibris3-Iu.</strong></span> <span class='ocrx_word' id='word_1_321' title='bbox 466 3895 523 3967; x_wconf 77' lang='lat'><strong>81,</strong></span> <span class='ocrx_word' id='word_1_322' title='bbox 549 3895 564 3951; x_wconf 95' lang='lat'>1</span> <span class='ocrx_word' id='word_1_323' title='bbox 594 3895 676 3968; x_wconf 90' lang='lat' dir='ltr'><strong>quis</strong></span> <span class='ocrx_word' id='word_1_324' title='bbox 702 3896 817 3952; x_wconf 90' lang='lat' dir='ltr'><strong>omnia</strong></span> <span class='ocrx_word' id='word_1_325' title='bbox 840 3912 957 3968; x_wconf 82' lang='lat' dir='ltr'><strong>regna</strong></span> <span class='ocrx_word' id='word_1_326' title='bbox 984 3895 1143 3951; x_wconf 85' lang='lat' dir='ltr'><strong>adversa</strong></span> <span class='ocrx_word' id='word_1_327' title='bbox 1169 3901 1255 3950; x_wconf 88' lang='lat' dir='ltr'><strong>sunt</strong></span> 
     </span>
     <span class='ocr_line' id='line_1_34' title="bbox 168 3990 1255 4083; baseline -0.001 -28"><span class='ocrx_word' id='word_1_328' title='bbox 168 4017 232 4055; x_wconf 88' lang='lat' dir='ltr'><strong>cum</strong></span> <span class='ocrx_word' id='word_1_329' title='bbox 246 3995 288 4055; x_wconf 83' lang='grc' dir='ltr'><strong>Ρι</strong></span> <span class='ocrx_word' id='word_1_330' title='bbox 303 4005 333 4056; x_wconf 91' lang='lat' dir='ltr'><strong>et</strong></span> <span class='ocrx_word' id='word_1_331' title='bbox 348 4002 385 4056; x_wconf 83' lang='lat' dir='ltr'><strong>al.</strong></span> <span class='ocrx_word' id='word_1_332' title='bbox 400 4033 443 4044; x_wconf 86' lang='lat'><em>-</em></span> <span class='ocrx_word' id='word_1_333' title='bbox 458 3997 506 4063; x_wconf 73' lang='lat' dir='ltr'><strong>(ia.</strong></span> <span class='ocrx_word' id='word_1_334' title='bbox 522 3996 574 4074; x_wconf 80' lang='grc'><strong>33,</strong></span> <span class='ocrx_word' id='word_1_335' title='bbox 589 3997 608 4064; x_wconf 75' lang='grc'><strong>5</strong></span> <span class='ocrx_word' id='word_1_336' title='bbox 624 3999 681 4054; x_wconf 82' lang='lat' dir='ltr'><strong>nisi</strong></span> <span class='ocrx_word' id='word_1_337' title='bbox 695 4015 757 4054; x_wconf 87' lang='lat' dir='ltr'><strong>eum</strong></span> <span class='ocrx_word' id='word_1_338' title='bbox 776 3999 871 4055; x_wconf 79' lang='lat' dir='ltr'><strong>animo</strong></span> <span class='ocrx_word' id='word_1_339' title='bbox 890 3990 1010 4083; x_wconf 77' lang='lat' dir='ltr'><strong>omittit]</strong></span> <span class='ocrx_word' id='word_1_340' title='bbox 1033 4000 1096 4068; x_wconf 83' lang='lat' dir='ltr'><strong>Quo</strong></span> <span class='ocrx_word' id='word_1_341' title='bbox 1111 4000 1175 4056; x_wconf 91' lang='lat' dir='ltr'><strong>loco</strong></span> <span class='ocrx_word' id='word_1_342' title='bbox 1191 4017 1255 4055; x_wconf 91' lang='lat' dir='ltr'><strong>oum</strong></span> 
     </span>
     <span class='ocr_line' id='line_1_35' title="bbox 168 4099 1255 4178; baseline 0.001 -19"><span class='ocrx_word' id='word_1_343' title='bbox 168 4110 278 4160; x_wconf 88' lang='lat' dir='ltr'><strong>tantum</strong></span> <span class='ocrx_word' id='word_1_344' title='bbox 293 4107 322 4160; x_wconf 90' lang='lat' dir='ltr'><strong>in</strong></span> <span class='ocrx_word' id='word_1_345' title='bbox 338 4100 368 4161; x_wconf 87' lang='lat' dir='ltr'><strong>s¹</strong></span> <span class='ocrx_word' id='word_1_346' title='bbox 384 4111 414 4160; x_wconf 91' lang='lat' dir='ltr'><strong>et</strong></span> <span class='ocrx_word' id='word_1_347' title='bbox 428 4099 465 4174; x_wconf 80' lang='lat' dir='ltr'><strong>p⁶</strong></span> <span class='ocrx_word' id='word_1_348' title='bbox 481 4105 575 4159; x_wconf 81' lang='lat' dir='ltr'><strong>amisit</strong></span> <span class='ocrx_word' id='word_1_349' title='bbox 588 4107 717 4178; x_wconf 88' lang='lat' dir='ltr'><strong>legatur,</strong></span> <span class='ocrx_word' id='word_1_350' title='bbox 732 4105 804 4162; x_wconf 89' lang='lat' dir='ltr'><strong>haec</strong></span> <span class='ocrx_word' id='word_1_351' title='bbox 823 4107 1015 4178; x_wconf 87' lang='lat' dir='ltr'><strong>discrepantia</strong></span> <span class='ocrx_word' id='word_1_352' title='bbox 1037 4110 1114 4161; x_wconf 88' lang='lat' dir='ltr'><strong>certe</strong></span> <span class='ocrx_word' id='word_1_353' title='bbox 1136 4105 1255 4161; x_wconf 81' lang='lat' dir='ltr'><strong>fortuita</strong></span> 
     </span>
     <span class='ocr_line' id='line_1_36' title="bbox 169 4205 1254 4284; baseline 0.001 -20"><span class='ocrx_word' id='word_1_354' title='bbox 169 4215 199 4265; x_wconf 90' lang='lat' dir='ltr'><strong>et</strong></span> <span class='ocrx_word' id='word_1_355' title='bbox 216 4205 287 4266; x_wconf 84' lang='lat' dir='ltr'><strong>levis</strong></span> <span class='ocrx_word' id='word_1_356' title='bbox 307 4211 439 4267; x_wconf 88' lang='lat' dir='ltr'><strong>habenda</strong></span> <span class='ocrx_word' id='word_1_357' title='bbox 460 4215 518 4279; x_wconf 89' lang='lat' dir='ltr'><strong>cst,</strong></span> <span class='ocrx_word' id='word_1_358' title='bbox 544 4212 698 4268; x_wconf 90' lang='lat' dir='ltr'><strong>adnotante</strong></span> <span class='ocrx_word' id='word_1_359' title='bbox 720 4210 866 4268; x_wconf 89' lang='lat' dir='ltr'><strong>Dietschio</strong></span> <span class='ocrx_word' id='word_1_360' title='bbox 888 4213 936 4284; x_wconf 88' lang='lat' dir='ltr'><strong>qui</strong></span> <span class='ocrx_word' id='word_1_361' title='bbox 960 4210 1124 4283; x_wconf 82' lang='lat' dir='ltr'><strong>Scllingium</strong></span> <span class='ocrx_word' id='word_1_362' title='bbox 1145 4209 1254 4266; x_wconf 56' lang='lat' dir='ltr'><strong>emen&#39;dt</strong></span> 
     </span>
    </p>
   </div>
   <div class='ocr_carea' id='block_1_8' title="bbox 0 0 1522 4922">
    <p class='ocr_par' dir='ltr' id='par_1_8' title="bbox 0 0 1522 4922">
     <span class='ocr_line' id='line_1_37' title="bbox 0 0 1522 4922; baseline 0 0"><span class='ocrx_word' id='word_1_363' title='bbox 0 0 1522 4922; x_wconf 95' lang='lat' dir='ltr'><strong> </strong></span> 
     </span>
    </p>
   </div>
  </div>
 </body>
</html>
