3020 4922
742 388 957 449 .-.26-

302 597 376 652 oopu
392 578 548 635 concordia
564 578 665 634 rioilus
679 579 758 648 sucta
774 585 838 634 crat
852 582 987 636 dicamus.
1018 579 1073 646 Qui
1094 598 1157 635 cum
1177 599 1234 636 non
1256 581 1347 637 solum
1367 582 1397 636 in

302 688 414 755 ,codice
437 691 560 743 vetusto‘
584 685 721 756 Popmae,
744 685 774 740 in
795 685 892 742 Vinar.
918 684 936 740 2
959 681 1050 761 (Certi
1066 680 1133 760 (XV
1152 681 1253 761 saec),
1274 685 1303 740 iu
1318 686 1350 752 l.,
1366 685 1397 739 in

301 791 374 847 libro
391 791 572 862 Herbipolit.,
588 791 618 844 in
632 791 714 849 Leid.
730 790 767 856 G,
784 791 833 845 sed
849 791 934 846 etiam
950 790 1025 860 apud
1036 788 1189 861 Augustin.
1203 807 1247 860 ep.
1263 787 1337 855 138,
1355 790 1396 845 10

301 897 424 968 legatur,
440 895 522 952 nobis
538 895 606 966 quid
621 895 656 950 de
678 913 712 951 eo
736 895 890 950 sentiamus
912 894 1027 949 dubium
1047 913 1105 950 non
1124 899 1182 966 est,
1205 895 1254 950 sed
1275 895 1395 950 multum

301 1001 381 1056 viros
405 1001 506 1056 doctos
530 1000 729 1055 cruciaverant
742 1000 832 1055 uerba
853 997 930 1069 opud
943 1013 991 1052 eos
1007 993 1036 1076 [i.
1053 1017 1077 1059 e.
1093 1005 1225 1055 auctores
1239 995 1394 1078 Romanos]

300 1103 374 1157 enim
394 1103 434 1157 itu
450 1102 557 1174 legitur
572 1121 646 1176 quae
661 1103 840 1176 Augustinus
862 1104 927 1160 huic
949 1105 1096 1159 enuntiato
1117 1104 1314 1174 praemiserat,
1330 1123 1394 1160 cum

299 1210 385 1280 paulo
402 1215 468 1265 ante
489 1213 525 1265 et
544 1208 761 1266 Sallustium
785 1214 821 1264 et
843 1209 1060 1265 Ciceronem
1083 1209 1236 1268 laudasset.
1264 1209 1303 1263 Et
1326 1211 1394 1264 exti-

298 1319 394 1370 terunt
419 1315 504 1369 etiam
526 1314 576 1385 qui
597 1332 614 1368 a
637 1314 774 1370 Cicerone
796 1314 891 1384 potius
912 1309 954 1390 (in
968 1313 1031 1368 libr.
1048 1314 1062 1368 Ι
1078 1330 1103 1368 c.
1123 1311 1162 1369 25
1179 1314 1213 1368 de
1229 1309 1392 1389 republica)

300 1419 351 1474 illa
377 1419 485 1490 scripta
504 1435 566 1474 esse
589 1423 737 1476 censerent
757 1425 786 1474 et
807 1419 891 1490 plane
906 1419 1036 1475 idoneum
1052 1435 1165 1491 quoque
1179 1417 1226 1472 cui
1241 1435 1276 1473 ea
1290 1419 1394 1474 insere-

302 1528 367 1578 rent
389 1524 481 1579 locum
503 1540 533 1579 se
554 1525 696 1580 iuvenisse
718 1528 868 1596 putarent,
889 1525 940 1579 sed
958 1523 1079 1579 Rothius
1094 1524 1113 1581 1.
1129 1524 1148 1582 l.
1165 1528 1222 1578 tam
1238 1524 1344 1579 aeriter
1359 1543 1393 1579 ae

301 1628 463 1684 luculenter
484 1633 517 1684 ut
537 1629 620 1685 nobis
635 1630 747 1685 videtur
761 1629 975 1695 demonstravit,
991 1647 1054 1683 cum
1071 1629 1205 1685 Sallustio
1219 1633 1318 1684 nostro
1334 1634 1392 1684 tum

297 1733 352 1804 ipsi
366 1733 433 1788 huic
447 1734 511 1789 loco
526 1734 596 1788 illud
611 1734 788 1789 enuntiatum
804 1734 1003 1790 vindicandum
1015 1751 1096 1800 esse,
1113 1734 1217 1788 adlatis
1240 1735 1389 1804 permultis

296 1837 366 1894 locis
388 1839 491 1910 quibus
516 1837 666 1894 Sallustius
689 1839 806 1912 simliter
828 1855 863 1893 ea
886 1855 960 1910 quae
987 1839 1199 1911 antealongius
1214 1839 1391 1895 disseruerat

295 1943 327 1998 in
343 1942 459 1999 brevem
476 1948 506 1999 et
520 1944 681 2016 generalem
698 1944 866 1999 senteutiam
886 1944 1019 2014 redacta,
1040 1944 1182 2014 particula
1197 1941 1238 1996 itu
1252 1943 1391 2010 adbibita,

295 2052 452 2119 repeteret,
474 2053 507 2104 ut
521 2048 698 2104 Dietschium
722 2053 810 2104 totam
831 2047 905 2103 hanc
925 2066 983 2104 rem
998 2048 1068 2103 nihil
1082 2065 1198 2104 curasse
1213 2065 1390 2119 summopere

295 2152 470 2219 miraremur,
490 2153 545 2208 nisi
560 2154 616 2208 iam
629 2159 714 2208 autea
726 2154 967 2226 cognovissemus,
982 2154 1075 2208 studio
1089 2149 1168 2208 libris
1183 2154 1389 2209 recentioribus

295 2259 471 2330 repugnandi
486 2258 564 2313 illum
579 2277 608 2318 v.
624 2259 652 2312 d.
668 2276 870 2329 nonnunquam
885 2258 997 2330 longius
1008 2258 1136 2328 provehi.
1166 2257 1304 2314 Libenter
1320 2277 1387 2315 vero

295 2361 485 2428 concedimus,
515 2362 570 2419 hoc
596 2364 772 2420 enuntiatum
798 2364 846 2419 illo
873 2381 929 2435 quo
945 2363 1076 2418 aRothio
1094 2363 1213 2434 aliisque
1230 2363 1386 2420 editoribus
1487 2399 1488 2437 p

294 2467 418 2538 positum
434 2473 478 2522 est
489 2468 552 2524 loco
565 2469 648 2538 plane
660 2470 850 2524 necessarium
862 2487 919 2524 non
932 2486 992 2524 esse
1004 2468 1154 2539 omniaque
1165 2467 1250 2523 facile
1260 2469 1387 2541 intellegi

295 2588 397 2641 posse,
421 2572 530 2626 etiamsi
553 2572 642 2644 absit3
668 2574 765 2645 itaque
792 2575 845 2629 toti
871 2573 937 2628 huic
959 2574 1022 2629 loeo
1044 2567 1232 2628 uenientum
1254 2575 1387 2629 momenti

295 2682 430 2747 quantum
453 2677 594 2747 prioribus
615 2679 813 2736 attribuemus.
851 2678 906 2734 Sed
927 2684 1022 2734 tamen
1037 2679 1124 2734 verbo
1139 2679 1307 2734 monendum
1323 2680 1386 2747 erit,
1486 2705 1487 2743 .

293 2799 350 2836 uon
365 2799 427 2838 esse
444 2801 495 2837 eur
510 2800 586 2838 saec.
603 2783 672 2839 XIV
689 2788 718 2839 et
732 2783 796 2853 XV,
815 2800 871 2855 quo
888 2788 1015 2854 tempore
1030 2784 1157 2855 plerique
1179 2785 1219 2838 illi
1234 2783 1298 2838 libri
1322 2803 1385 2840 con-

293 2887 390 2957 scripti
406 2893 482 2955 sunt,
498 2889 601 2944 eruditi
614 2888 739 2944 homines
755 2889 837 2960 eique
853 2888 972 2956 librarii,
987 2905 1078 2960 aeque
1093 2906 1128 2944 ac
1143 2894 1285 2945 nostrates
1297 2887 1384 2944 Sallu·

293 2990 403 3055 stianae
425 2994 637 3050 consuetudinis
660 2993 760 3064 periti,
786 2994 816 3047 in
838 2993 956 3048 eandem
979 2994 1171 3049 coniecturam
1192 2994 1318 3050 incidere
1339 3011 1384 3066 po·

293 3096 381 3151 tuisse
403 3103 553 3169 negentur.
592 3098 725 3154 Ceterum
741 3097 859 3154 Orellius
883 3096 933 3174 (ad
947 3098 1007 3156 Cic.
1024 3099 1058 3154 de
1081 3116 1139 3170 rep.
1156 3100 1170 3153 I
1187 3095 1240 3174 25)
1262 3097 1383 3154 Rothius

292 3200 456 3256 Dietscbius
478 3203 654 3258 Woelfflinus
680 3204 901 3274 praetermisisse
924 3204 1071 3275 videntur,
1094 3206 1169 3274 apud
1191 3203 1382 3277 Augustiuurn

292 3305 351 3360 sive
367 3307 441 3362 malo
464 3324 533 3362 casu
553 3309 612 3364 sive
632 3307 686 3364 fide
708 3309 884 3364 librariorum
905 3310 977 3365 haec
1003 3309 1091 3365 verba
1115 3310 1156 3364 sie
1176 3310 1283 3381 scripta
1305 3326 1382 3367 esse:

292 3406 438 3463 multitudo
461 3409 641 3481 dispersa
667 3418 749 3482 atque
772 3428 844 3484 napa
865 3419 936 3484 etc,
963 3433 1084 3487 quocum
1111 3416 1316 3486 comparandus
1341 3420 1383 3472 est

293 3515 373 3570 locus
390 3515 433 3569 lu.
450 3514 503 3584 41,
520 3515 538 3572 6
556 3517 660 3588 ,plebei
675 3519 719 3574 vis
734 3519 827 3574 soluta
843 3524 930 3590 atque
953 3521 1132 3593 dispersa
1154 3521 1184 3576 in
1203 3521 1381 3578 multitudine

290 3620 380 3677 minus
395 3621 526 3692 poterat‘.

377 3725 487 3790 Quibus
502 3727 572 3783 loeis
587 3728 628 3783 ita
644 3729 848 3802 pervestigatis
861 3723 883 3805 ¹)
895 3730 958 3802 quis
973 3730 1028 3786 hoe
1042 3749 1099 3788 non
1113 3731 1233 3801 dederit,
1247 3733 1381 3790 nonnulla

370 3972 388 4042 ¹)
400 3971 518 4028 fortasse
530 3987 644 4027 numero
657 3988 750 4028 eorum
763 3974 966 4030 attribuendum
976 3977 1066 4031 estlu.
1077 3979 1120 4046 92,
1130 3981 1145 4031 2
1154 3978 1247 4033 onrrria
1257 3989 1313 4034 uon
1321 3977 1381 4033 berre

289 4060 410 4114 cousrtltc
422 4061 507 4128 modo,
518 4077 610 4115 ceram
621 4062 702 4115 diam
714 4079 778 4118 casu
796 4063 862 4118 data
886 4063 917 4118 ia
934 4064 1058 4120 simulem
1074 4067 1257 4135 tralurbcutur,
1275 4066 1308 4122 de
1328 4082 1378 4136 quo

289 4163 373 4220 supra
385 4148 413 4202 in
424 4165 483 4222 cap.
496 4149 509 4204 I
522 4149 728 4222 disputavimus.
