3020 4922
583 431 799 491 ,39-

219 622 295 679 Satis
310 627 403 680 autem
416 642 450 680 ex
461 625 516 680 illis
532 641 605 697 quae
617 625 699 681 modo
711 625 748 680 de
759 625 878 697 singulis
894 619 1078 696 scriptoribus
1093 625 1222 682 disserui·

133 746 193 783 mus
210 730 351 801 apparuit,
366 747 445 800 spem
464 729 540 786 illam
556 747 641 803 quam
656 729 784 786 nonnulli
798 730 828 784 iu
842 730 897 786 hac
911 747 942 785 re
957 708 1103 802 posuerint
1119 747 1221 786 vanam

132 832 231 901 fuisse,
248 850 340 907 neque
355 833 438 889 alteri
453 836 551 907 generi
565 836 628 896 libr.
643 840 732 891 nostr.
744 835 851 890 nullum
864 853 899 891 ex
916 836 956 890 eis
967 835 1138 906 praesidium
1155 836 1221 890 oriri

131 937 226 992 multis
241 938 334 994 adhuc
349 940 443 996 verbis
458 939 706 996 demonstrandum
721 941 785 1000 erit.

641 1545 715 1617 uu.
829 1511 831 1514 ’

166 1842 168 1850 Ι
221 1775 403 1831 Metuendum
419 1793 487 1848 ergo
502 1775 585 1831 nobis
601 1780 658 1843 est,
675 1793 710 1831 ne
725 1776 810 1846 plane
826 1791 1068 1845 supervacaneum
1083 1777 1224 1842 videatur,

133 1881 157 1935 si
173 1878 312 1936 confectis
327 1879 383 1935 iam
398 1881 454 1936 illis
469 1881 708 1952 disputationibus
723 1880 840 1935 alterius
855 1880 966 1952 generis
977 1881 1110 1936 virtutem
1125 1881 1223 1936 ultimo

132 1985 237 2042 iudicio
253 1985 413 2040 examinare
425 1985 614 2041 instituemus.
644 1987 682 2041 Et
693 1984 814 2041 Rothius
826 1985 937 2057 quidem
952 1985 969 2039 l.
986 2004 1009 2042 s.
1026 1985 1044 2040 1.
1061 1968 1224 2055 p‘ir'tbberat,
1245 2037 1246 2044 ,

133 2089 267 2146 librum
288 2084 315 2149 ii
331 2086 474 2168 (Vatican.
493 2088 579 2147 3864
595 2108 669 2146 saec.
687 2092 715 2145 X
731 2091 778 2163 qui
795 2091 937 2148 orationes
952 2093 1062 2144 tantum
1077 2095 1107 2144 et
1120 2090 1224 2160 epistu-

133 2196 176 2251 las
192 2213 226 2251 ex
241 2193 363 2250 Catilina
379 2200 409 2250 et
423 2195 562 2267 Iugurtha
576 2213 630 2251 nec
644 2213 701 2251 non
721 2213 755 2250 ex
776 2195 910 2260 Historiis
926 2195 1076 2264 decerptas
1098 2196 1225 2250 eontinet

135 2299 271 2372 cuiusque
293 2297 390 2354 similis
411 2303 455 2354 est
477 2298 549 2355 liber
564 2294 602 2367 Q,
613 2299 771 2355 Bemensis
796 2300 831 2355 de
848 2317 902 2371 quo
918 2317 946 2354 v.
958 2298 1110 2357 Woelfflin.
1126 2300 1144 2355 l.
1162 2301 1180 2360 1,
1194 2318 1224 2370 p·

137 2400 331 2480 154)quem
351 2420 390 2458 ex
413 2404 621 2460 vetustiore
643 2409 680 2460 et
700 2405 816 2476 magis
839 2404 981 2460 sincero
1003 2403 1108 2460 fonte
1124 2421 1225 2476 quam

134 2509 297 2581 reliquos
320 2512 474 2564 nostros
496 2509 615 2565 libros
641 2510 955 2566 derivatumesse
982 2514 1152 2576 constet,
1183 2512 1226 2566 ad

136 2614 433 2672 confirmandam
455 2614 519 2673 alt.
544 2631 623 2686 gen.
647 2615 917 2670 auctoritatem
943 2630 1022 2670 esse
1045 2616 1226 2670 advocan-

136 2722 223 2782 dum.
253 2720 308 2777 Sed
330 2719 391 2776 iure
414 2720 470 2774 iam
490 2718 666 2775 Woelfflinus
685 2720 755 2774 nihil
775 2719 842 2775 huic
864 2720 906 2774 rei
928 2717 1039 2778 tribuit.
1068 2719 1224 2791 Postquam

136 2825 211 2881 enim
225 2821 289 2902 (1.1.
306 2844 335 2898 p.
353 2821 428 2901 526)
452 2825 674 2892 demonstravit,
695 2824 790 2880 multis
809 2824 880 2880 loeis
899 2824 1002 2878 librum
1024 2824 1048 2878 P
1072 2825 1225 2880 secundum

134 2931 212 2986 illum
224 2925 252 2989 58
266 2930 312 2986 vel
323 2929 443 2985 similem
458 2930 683 3002 antiquissimum
698 2930 827 2985 codicem
843 2935 1007 2984 conuectum
1022 2931 1052 2984 et
1061 2928 1117 2984 hac
1128 2929 1175 2986 via
1190 2947 1225 2984 ac

132 3035 243 3092 ratione
264 3035 391 3107 integras
406 3035 562 3106 scripturas
577 3035 607 3089 in
629 3034 738 3105 aliquot
760 3034 862 3104 prioris
884 3033 996 3105 generis
1011 3030 1147 3088 librorum
1161 3052 1225 3105 par·

132 3147 175 3197 tes
199 3136 313 3217 (nempe
336 3140 478 3196 orationes
501 3145 531 3196 et
553 3139 700 3210 epistulas)
722 3139 844 3194 insertas
860 3154 941 3201 esse,
963 3154 1019 3208 qua
1034 3155 1064 3193 re
1087 3138 1224 3210 deceptus

131 3245 253 3301 fortasse
268 3245 331 3317 quis
342 3245 372 3299 in
383 3244 499 3317 reliquis
514 3261 627 3316 quoque
641 3243 780 3313 partibus,
795 3248 828 3297 ut
842 3243 957 3297 nimium
971 3241 1038 3297 hnic
1052 3243 1151 3314 generi
1166 3259 1224 3298 cre-

132 3351 222 3420 deret,
246 3350 443 3416 adduceretur,
465 3367 529 3405 mox
551 3349 692 3413 concedit,
707 3348 834 3420 singulas
854 3346 919 3401 libri
934 3341 961 3406 il
976 3346 1114 3402 lectiones
1137 3347 1223 3402 etiam

131 3456 161 3510 in
175 3456 288 3511 codices
304 3455 420 3510 alterius
436 3453 548 3527 generis
562 3453 726 3523 inrepsisse,
748 3453 799 3509 sed
814 3452 960 3523 incognito
985 3451 1104 3524 quasia
1119 3451 1148 3506 id
1163 3451 1223 3506 fac-

135 3566 194 3616 tum
209 3565 292 3616 esset.
322 3559 382 3618 Nos
397 3577 465 3615 vero
480 3577 538 3615 non
553 3559 725 3624 dubitamus,
742 3557 810 3630 quin
825 3557 898 3612 duae
910 3556 939 3610 in
951 3573 985 3610 ea
1000 3573 1031 3610 re
1046 3555 1109 3611 viae
1124 3561 1223 3627 patue-

131 3666 197 3733 rint,
221 3683 339 3738 quarum
362 3666 453 3720 altera
478 3669 541 3719 arta
555 3665 568 3718 1
584 3669 616 3720 et
629 3664 659 3718 Il
675 3681 740 3736 gen.
763 3662 900 3718 librorum
922 3661 1114 3728 cohaerentia,
1138 3679 1223 3733 quam

132 3789 214 3827 nemo
230 3771 286 3826 iam
301 3786 407 3842 negare
423 3770 537 3840 poterit,
553 3767 656 3824 effecta
672 3769 719 3834 sit,
734 3769 825 3823 altera
840 3766 1018 3822 librariorum
1033 3782 1129 3836 opera,
1145 3766 1222 3836 ipsos

132 3875 163 3930 II
178 3893 242 3948 gen.
258 3874 346 3930 libros
362 3875 515 3930 secundum
531 3874 608 3928 illum
631 3868 658 3932 ll
681 3873 727 3928 vel
749 3871 866 3928 similem
889 3870 1104 3943 conrigentium.
1136 3869 1222 3926 Cuius

133 3980 173 4036 rei
187 3979 333 4053 indagatio
349 3980 436 4036 multo
452 3978 649 4049 simpliciorem
661 3995 696 4032 ac
708 3977 865 4032 faciliorem
881 3994 965 4048 quam
981 3976 1175 4046 expectaveris
1192 3993 1222 4029 se

131 4084 306 4158 praestabit,
322 4084 443 4141 simodo
459 4084 575 4157 cognita
590 4083 645 4138 iam
660 4083 742 4138 nobis
757 4083 859 4137 menda
874 4088 903 4138 et
918 4081 1099 4152 corruptelas
1112 4081 1140 4134 ll
1156 4098 1220 4152 geu.

131 4190 397 4260 praetermittemus.
