3020 4922
511 373 798 468 ¹-23—

144 604 203 654 tum
222 599 394 654 affirmasse:
415 600 512 654 satis
532 601 778 673 loquentiam.
795 593 817 676 ¹)
847 600 981 658 Similiter·
1002 619 1070 658 vero
1086 601 1129 659 lu.
1150 601 1200 666 19,
1218 605 1235 658 2

143 718 208 757 rrum
231 698 265 756 de
280 700 449 774 Cartlsops'ae
471 702 558 758 silere
580 706 609 760 in
631 707 760 761 omnibus
782 706 841 761 fere
863 705 967 761 nostris
989 706 1069 761 libris
1084 707 1237 773 invenitur,

143 807 197 862 nisi
220 808 297 879 quod
320 812 455 861 lucere
475 810 503 862 in
519 804 547 863 s¹
564 815 593 864 et
608 811 683 881 apud
702 809 904 876 Quintilianum
928 815 1014 880 atque
1035 811 1238 882 Hieronymum

144 917 197 970 est.
229 913 360 983 Denique
383 913 555 986 Hieronymo
578 914 693 970 laudato
714 918 820 978 restat,
843 919 875 969 ut
896 915 951 970 loci
974 932 1057 985 quem
1073 931 1158 985 supra
1173 914 1237 986 p.5

144 1017 291 1089 attigimus
307 1016 357 1074 Ca.
375 1019 405 1086 8,
421 1015 442 1071 4
458 1016 498 1070 ito
510 1031 607 1070 eorum
617 1017 665 1089 qut
675 1017 782 1088 secere,
797 1018 844 1074 hic
859 1037 956 1074 rursus
971 1021 1139 1074 mentionem
1151 1019 1239 1075 facia·-

145 1128 216 1186 mu's‚
233 1121 299 1192 qula
315 1122 338 1176 si
354 1122 523 1177 vocabulum
539 1137 572 1176 eo
587 1125 663 1194 quod
678 1123 759 1179 deest
778 1123 897 1178 inlibris
917 1119 953 1194 ρ3
970 1118 1002 1178 s¹
1024 1124 1034 1178 l
1050 1128 1080 1180 et
1098 1139 1145 1194 ap.
1158 1124 1238 1180 Hier.

145 1226 249 1297 partim
261 1227 424 1282 auctoritati
435 1227 601 1299 Hieronymi
613 1229 714 1299 partim
727 1227 840 1300 ingenio
851 1228 959 1294 librari,
973 1227 1162 1284 Sallustianae
1176 1245 1240 1286 con·

146 1330 303 1386 suetudinis
318 1331 420 1409 periti,
435 1332 554 1388 cessisse
572 1333 743 1400 statuimus,
760 1333 788 1387 id
804 1333 924 1404 plurium
940 1351 1014 1388 nunc
1030 1333 1152 1388 adsensu
1168 1351 1241 1389 com·

145 1436 324 1506 probabitur.
339 1467 374 1476 —-
390 1437 427 1490 Et
442 1438 511 1492 satis
526 1437 638 1508 quidem
650 1438 684 1492 de
696 1437 739 1492 his
755 1438 840 1493 rebus
856 1455 906 1493 nos
923 1437 1087 1492 disseruisse
1099 1442 1241 1508 putamus,

147 1558 211 1596 cum
227 1558 303 1596 nuuc
317 1559 398 1596 neme
414 1559 471 1596 non
486 1541 672 1607 intellexerit,
696 1543 815 1614 singulis
835 1542 1007 1614 singulorum
1028 1542 1073 1597 vel
1087 1558 1241 1614 paucorum

147 1650 255 1702 recent.
273 1645 410 1700 librorum
432 1647 580 1718 scripturis
601 1647 724 1723 melioris
750 1647 854 1718 speciei
882 1664 1056 1718 summopere
1088 1664 1150 1702 esse
1172 1646 1241 1725 diffi-

147 1750 279 1814 nendum,
292 1751 401 1805 etiamsi
416 1751 489 1806 unde
501 1751 670 1822 inrepserint
689 1770 745 1806 non
768 1768 877 1822 semper
891 1752 972 1806 nobis
988 1751 1166 1822 perspicuum
1183 1756 1242 1819 est3

148 1861 275 1910 ceterum
290 1856 371 1926 plura
384 1838 486 1910 'adhuc
502 1857 663 1911 testimonla
681 1830 741 1912 sine
757 1856 844 1912 dubio
860 1861 1003 1919 eruentur,
1020 1856 1044 1910 si
1060 1855 1123 1909 libri
1153 1855 1242 1910 nostri

148 1959 231 2015 huius
246 1959 334 2031 ipsius
350 1959 390 2014 rei
406 1977 494 2015 causa
509 1963 671 2016 accuratius
687 1961 853 2033 investigati
868 1967 961 2016 erunt.

237 2064 346 2130 Quibus
361 2065 445 2120 rebus
457 2065 668 2135 demonstratis,
684 2067 708 2121 si
723 2067 777 2120 iam
793 2066 830 2121 ad
844 2066 922 2122 locos
938 2065 972 2119 de
989 2064 1092 2135 quibus
1104 2065 1152 2136 agi
1163 2081 1244 2135 coep

148 2175 287 2224 tumeret
306 2169 444 2234 redimus,
465 2171 582 2241 primum
603 2171 638 2226 de
653 2172 696 2226 Iu.
716 2172 745 2235 1,
762 2169 780 2226 5
798 2167 965 2240 multamque
981 2166 1064 2222 etlam
1077 2163 1242 2237 periculosa

149 2274 356 2330 dubitationem
370 2293 427 2330 non
443 2276 641 2340 admittemus,
665 2277 734 2347 quin
750 2293 823 2347 quae
839 2276 928 2331 verba
943 2273 1121 2347 Augustinus
1143 2273 1172 2328 in
1186 2273 1245 2327 lau-

152 2380 245 2434 dando
257 2378 311 2435 boc
323 2380 385 2436 loco
398 2380 517 2436 addidit:
533 2395 568 2433 ac
577 2378 741 2449 peruiciosa
753 2379 886 2436 Sallustio
898 2379 1089 2449 vindicemus3
1105 2377 1155 2438 sed
1171 2378 1246 2449 quod

152 2485 252 2540 eadem
275 2489 374 2539 extant
389 2486 418 2539 in
435 2485 495 2540 solo
518 2486 590 2541 libro
608 2505 633 2560 y,
656 2504 712 2540 non
735 2485 818 2540 aliter
838 2484 1042 2556 explicabitur,
1064 2500 1149 2554 quarn
1172 2483 1247 2554 quod

153 2608 187 2644 cr
203 2588 365 2661 Augustino
389 2591 545 2645 translatae
567 2591 631 2646 sint.
669 2591 707 2645 Et
727 2595 878 2662 postquam
900 2589 984 2644 eain
1006 2606 1036 2644 re
1058 2586 1128 2642 fides
1147 2586 1212 2641 libri
1230 2605 1246 2660 p

154 2694 328 2765 aliquantum
345 2695 489 2750 deminuta
504 2701 563 2761 est,
580 2696 764 2766 subsequenti
779 2711 892 2766 quoque
907 2695 969 2749 loeo
986 2692 1140 2748 subsidium
1155 2691 1247 2747 derne-

154 2801 262 2855 vimus:
278 2801 321 2857 Iu.
339 2798 391 2864 44,
408 2799 426 2855 5
443 2814 532 2879 usqae
547 2795 760 2864 muniebantur,
781 2817 853 2871 quae
869 2799 959 2855 verba
974 2798 1048 2852 inter
1063 2802 1174 2852 nostros
1190 2802 1247 2850 tan-

154 2911 213 2961 tum
230 2906 238 2959 l
255 2911 284 2959 et
300 2923 316 2979 y
331 2905 469 2976 praebent
484 2910 515 2960 et
537 2904 767 2976 ‚aritiquissimus‘
784 2905 907 2975 Popmae
924 2904 1023 2967 codex,
1039 2901 1167 2973 quamvis
1183 2909 1250 2955 aaa

155 3010 288 3066 Sallustio
308 3010 350 3064 sic
370 3009 476 3080 scripta
495 3027 556 3065 esse
574 3011 636 3066 luce
649 3010 753 3065 elarius
765 3010 812 3065 sit.
843 3007 940 3080 Atque
951 3007 980 3062 in
991 3007 1045 3062 hoc
1061 3006 1174 3077 quidem
1186 3004 1248 3060 leco

155 3115 306 3170 tractando
322 3132 386 3169 cum
402 3115 522 3169 Rothius
545 3115 565 3175 1.
581 3115 600 3170 l.
617 3132 643 3186 p.
664 3113 724 3169 132
746 3114 825 3169 libris
841 3113 922 3168 Leid.
939 3112 965 3169 G
980 3117 1009 3167 et
1024 3109 1158 3166 Parcensi
1177 3126 1249 3164 surn-

156 3239 229 3275 mam
246 3220 445 3274 auctoritatem
460 3220 637 3275 tribuendam
653 3237 715 3274 esse
737 3218 903 3284 censuisset,
920 3217 1058 3288 quianon
1075 3215 1163 3270 solum
1179 3212 1253 3268 hanc

158 3327 245 3396 ipsam
262 3324 430 3395 scripturam
443 3326 492 3380 sed
508 3325 593 3380 etiarn
609 3325 744 3379 nonnulla
760 3324 816 3378 alia
832 3323 1042 3385 additamenta,
1059 3319 1132 3391 quae
1148 3319 1177 3373 in
1192 3318 1253 3373 reli·

159 3431 222 3502 quis
244 3429 323 3485 libris
348 3431 497 3496 deessent,
521 3429 700 3496 exhiberent,
724 3430 811 3501 paulo
832 3432 897 3500 post
918 3425 1080 3484 accuratius
1100 3422 1254 3495 perspectis

162 3536 297 3591 librorum
322 3534 487 3605 seripturis,
509 3535 622 3589 inritum
646 3534 674 3588 id
698 3551 762 3591 esse
785 3533 867 3589 iussit
890 3529 966 3608 (eod.
989 3532 1009 3590 l.
1025 3547 1053 3602 p.
1076 3524 1170 3604 630),
1192 3545 1255 3582 cum

161 3635 209 3697 illa
232 3640 322 3696 verba
342 3657 400 3694 non
423 3640 452 3694 in
467 3640 547 3702 Leid.
565 3638 590 3696 G
606 3645 635 3694 et
650 3639 800 3716 Parcensi‚
817 3639 868 3695 sed
882 3639 913 3694 in
927 3636 1007 3696 Leid.
1025 3635 1047 3691 C
1062 3639 1092 3690 et
1106 3631 1255 3703 antiquiss.

160 3849 396 3862 *ει-μ

238 3997 257 4065 ¹)
269 3989 411 4058 Frontoni,
423 3989 518 4044 subtili
530 3991 711 4046 Sallustianae
725 3987 854 4042 dictionis
873 3985 1018 4053 imitatori,
1036 3984 1103 4038 haec
1121 3981 1258 4050 scriptura

166 4082 304 4153 incognita
313 4080 398 4136 luisse
408 4077 530 4146 videtur3
542 4078 721 4134 adferendum
731 4076 802 4132 enim
813 4081 856 4130 est
865 4081 976 4144 praeter
985 4073 1001 4126 l.
1011 4088 1027 4126 a
1037 4067 1179 4124 Dietscbio
1188 4066 1259 4122 laud.

166 4173 247 4228 etiam
260 4169 301 4227 ed.
313 4169 350 4224 M.
363 4185 388 4240 p.
401 4170 452 4224 239
470 4183 588 4240 perum
607 4162 837 4236 eloquentiae
855 4167 889 4218 et
906 4159 1103 4232 sapientiae
1121 4154 1223 4212 nibll.
